2670 4816
129 435 211 498 bitare
221 454 288 497 non
301 432 534 523 possim,‚quin
550 434 631 499 illud
643 450 773 522 pectus,
787 431 876 499 unde
887 435 948 498 ista
961 434 1167 522 prodierunt,

128 541 214 627 aliqua
225 538 375 604 divinitas
393 541 569 628 occuparit.
587 543 696 627 Atque
711 541 775 605 hoc
790 562 900 603 meum
913 538 1073 619 judicium
1089 541 1169 605 milri

129 645 210 733 magis
223 644 399 726 blanditur,
413 646 540 733 quoties
555 646 665 710 animo
681 661 815 734 reputo,
832 666 930 732 quam
945 645 1104 710 immensa
1118 647 1169 726 sit,

129 772 270 837 quamque
294 750 525 814 inaestimabilis
549 751 661 815 aeterni
685 751 828 815 numinis
852 750 1051 839 benignitas,
1072 774 1170 837 quam

129 854 241 942 qnidam
258 877 298 918 ex
314 855 461 943 ingenio,
479 855 609 944 opinor,
624 878 685 919 suo
709 856 805 919 nimis
834 856 867 919 in
893 873 1068 944 angustum
1090 879 1170 920 con·

129 961 235 1024 trahere
250 974 421 1024 conantur.
440 959 506 1022 Ubi
525 982 614 1024 nunc
628 976 701 1047 agat
718 960 825 1024 anima
842 959 1023 1036 Ciceronis,
1037 961 1171 1024 fortasse

129 1088 182 1128 non
196 1080 243 1128 est
257 1065 395 1128 humani
408 1062 520 1143 judicii
536 1063 769 1153 pronuntiare:
790 1087 842 1127 me
860 1081 947 1128 certe
968 1087 1035 1128 non
1058 1065 1171 1129 admo·

130 1169 193 1234 dum
212 1170 382 1234 adversum
398 1169 542 1233 habituri
560 1170 677 1233 sintin
693 1168 835 1233 ferendis
853 1170 999 1246 calculis,
1020 1171 1077 1256 qui
1098 1193 1170 1258 spe·

130 1276 289 1340 tantillum
303 1274 394 1364 apud
405 1298 539 1364 superos
553 1272 696 1362 quietam
708 1277 806 1339 vitam
818 1298 921 1364 agere.
932 1276 1020 1342 Nulli
1034 1277 1172 1341 dubium

131 1404 183 1446 esse
197 1397 321 1470 potest,
338 1381 420 1469 quin
433 1380 607 1446 crediderit
622 1381 752 1468 aliquod
766 1403 836 1444 esse
849 1404 988 1463 numen,
1008 1405 1076 1469 quo
1093 1385 1173 1448 nihil

131 1511 184 1551 esse
198 1503 305 1575 posset
317 1509 425 1574 neque
441 1486 561 1566 majus,
573 1509 680 1574 neque
691 1487 816 1551 melius.
826 1487 929 1551 Porro
939 1487 1024 1576 quid
1039 1491 1174 1553 senserit

131 1590 161 1656 de
183 1594 371 1660 animorum,
385 1592 638 1674 immortalitate,
662 1591 806 1680 quidde
830 1591 955 1656 diversa
980 1611 1066 1658 sorte
1091 1618 1173 1682 prae·

131 1697 247 1785 niisque
262 1698 334 1762 vitae
351 1699 486 1780 futurae,
499 1714 570 1761 tum
583 1713 703 1785 quanta
717 1697 814 1763 fuerit
825 1698 956 1762 sincerae
969 1700 1174 1764 conscientiae

131 1799 244 1887 fidncia,
263 1805 289 1868 si
308 1827 375 1868 non
393 1802 468 1867 satis
485 1802 647 1866 declarant
666 1819 715 1866 tot
730 1804 799 1883 ejus
815 1803 907 1885 libri,
932 1821 1019 1869 certe
1036 1805 1086 1870 vel
1107 1829 1172 1869 una

131 1907 172 1971 illa
190 1911 318 1998 epistola
338 1909 414 1973 satis
433 1908 557 1997 arguit,
575 1931 672 1995 quam
695 1908 924 1973 ad.Octavium
949 1911 1074 1992 scribit,
1089 1910 1172 1992 jam,

131 2028 161 2076 ut
170 2031 308 2102 apparet,
321 2014 479 2078 destinata
493 2030 607 2078 morte.
618 2014 652 2077 Si
667 2013 785 2077 Judaeis
799 2031 874 2078 ante
889 2014 1057 2103 proditum
1069 2017 1173 2078 Evan-

132 2118 232 2204 gelium
245 2119 424 2184 sufficiebat
444 2119 485 2183 ad
502 2121 637 2184 salutern
654 2119 744 2183 rudis
761 2119 908 2207 quaedam
930 2137 963 2183 et
979 2119 1115 2184 confusa
1133 2119 1173 2183 de

132 2222 210 2288 rebus
233 2223 348 2287 divinis
371 2221 561 2306 credulitas,
583 2221 663 2310 quid
684 2239 771 2287 vetat
794 2246 862 2310 quo
887 2223 995 2287 minus
1025 2223 1173 2304 ethnico,

132 2327 172 2389 cui
183 2351 219 2392 ne
234 2329 335 2392 Mosis
352 2326 484 2415 quidem
501 2329 552 2391 lex
566 2342 634 2390 erat
645 2328 785 2417 cognita,
792 2326 906 2391 rudior
920 2328 1015 2391 etiam
1031 2327 1174 2416 cognitio

132 2435 270 2517 profuerit
283 2435 326 2499 ad
343 2435 492 2515 salutern,
515 2433 690 2521 praesertim
708 2456 812 2521 quum
833 2434 897 2496 vita
916 2434 1014 2497 fuerit
1031 2433 1174 2520 integra,

132 2559 179 2602 nec
197 2540 318 2629 integra
336 2541 459 2620 solum,
480 2561 593 2603 verum
616 2539 712 2602 etiam
740 2537 868 2603 sancta?
891 2538 1048 2628 Perpauci
1073 2537 1174 2603 Judaei

132 2660 191 2708 ants
212 2645 316 2711 lucem
339 2661 482 2709 exortam
502 2645 666 2732 Evangelii
686 2659 844 2710 noverant
866 2661 975 2708 exacte
998 2645 1116 2708 Filium
1138 2667 1175 2707 ac

132 2747 269 2836 Spiritum
294 2768 465 2817 sanctum:
490 2750 586 2813 multi
613 2772 681 2814 non
708 2749 883 2814 credebant
908 2750 1176 2829 resurrectionem

132 2875 308 2943 corporum:
328 2878 389 2920 nec
412 2872 519 2920 tamen
542 2854 616 2920 ideo
641 2854 682 2919 de
706 2854 834 2918 illorum
852 2855 959 2919 salute
972 2854 1176 2942 desperatum

133 2977 171 3024 est
191 2987 209 3026 a
232 2962 419 3043 majoribus.
447 2961 537 3045 Quid
566 2962 593 3024 si
625 2961 773 3025 ethnicus
798 2975 926 3023 tantum
957 2961 1020 3024 hoc
1051 2958 1176 3037 credat,

133 3064 238 3150 Deum,
262 3092 363 3157 quem
383 3089 574 3156 persuasum
597 3051 701 3132 habe?
722 3088 790 3130 esse
819 3066 1098 3154 omnipotentem,
1125 3086 1176 3127 sa·

132 3169 351 3254 pientissimum
378 3190 411 3237 et
438 3173 618 3260 optimum,
644 3171 750 3257 aliqua
781 3171 907 3234 ratione
938 3171 1177 3234 subventurum

132 3274 210 3342 bonis
227 3295 258 3342 et
273 3281 423 3344 ulturum
442 3279 560 3359 malos,
577 3298 649 3364 quae
671 3277 733 3364 ipsi
755 3275 902 3339 videatur
924 3298 1021 3362 quam
1040 3275 1178 3338 maxime

132 3383 347 3449 accommoda?
365 3381 465 3465 Quod
482 3383 510 3447 si
527 3383 599 3469 quis
618 3382 749 3462 objiciat
761 3381 833 3444 vitae
851 3381 1008 3459 maculas,
1025 3379 1177 3466 equidem

133 3487 253 3554 arbitror
269 3512 331 3554 nec
348 3489 429 3569 lob,
451 3511 512 3551 nec
532 3486 747 3552 Melchisedec
768 3486 919 3550 omuibus
936 3486 1072 3550 omnino
1094 3486 1178 3550 vitiis

134 3596 253 3661 caruisse
267 3619 326 3684 per
343 3616 476 3658 ornnem
490 3594 598 3658 vitam.
616 3592 680 3658 Sed
697 3591 915 3657 excusandum
931 3614 998 3655 non
1016 3607 1080 3673 est,
1090 3591 1180 3678 quod

134 3698 294 3767 immolavit
308 3700 414 3766 idolis.
432 3699 470 3763 Id
487 3700 622 3763 fortasse
638 3700 733 3781 fecit,
751 3698 807 3763 sed
821 3721 888 3762 non
908 3720 947 3760 ex
962 3720 1023 3760 suo
1038 3696 1180 3778 judicio,

135 3826 231 3870 rerum
257 3831 295 3872 ex
327 3804 567 3871 cousuetudine
593 3805 751 3892 publica:
780 3827 851 3892 quae
877 3803 1031 3890 quoniam
1048 3790 1181 3891 'legibus

136 3909 216 3975 etiam
233 3930 298 3977 erat
312 3910 521 3992 confirmata,
539 3933 606 3973 non
624 3926 753 3997 poterat
766 3909 911 3973 convelli.
926 3909 1010 3973 Nam
1024 3930 1093 3972 esse
1107 3932 1183 3972 con·

79 4031 82 4041 “
138 4010 291 4106 ficta,quae
315 4018 357 4083 de
382 4016 444 4081 diis
471 4016 667 4097 ferebantur,
687 4016 738 4078 vel
762 4037 800 4077 cx
823 4015 919 4078 Ennii
940 4037 1027 4078 sacra
1048 4015 1183 4077 historia
