2670 4816
123 321 219 414 xxxij
304 392 306 396 ,
517 314 804 388 PRAEFATI'O.

124 463 325 540 numquam
357 441 549 509 amitteret.
582 442 674 510 Nam
713 438 893 534 ejusmodi·
919 438 1060 531 σύνοψις,
1086 437 1199 518 fronti

125 557 293 627 sectionis
320 553 479 647 cujusvis
507 550 665 651 praelixa,
691 569 919 650 quantopere
943 551 1071 641 faciat,
1094 553 1200 624 etad

123 659 323 741 acuendam
342 668 437 738 inter
456 665 650 764 legendum
669 670 927 756 attentionem,
946 667 1048 739 etad
1070 667 1202 740 melius

124 780 400 880 intelligendum
423 783 655 878 scriptorem,
682 780 781 856 etad
798 796 913 857 artem
932 780 1202 878 cogitandiad-

123 897 343 992 juvandam,
362 895 433 966 dici
451 897 512 966 vix
530 911 661 994 potest.
1023 880 1025 887 ,

174 1019 215 1085 In
245 1012 473 1110 expositione
501 1011 665 1083 locorum
695 1009 940 1083 difficilio'rum
969 1013 1203 1108 grammatica

125 1128 273 1201 brevior
286 1124 361 1212 lui,
379 1150 490 1223 quam
506 1110 613 1223 vulgo
630 1126 749 1198 solent
763 1151 851 1198 esse.
872 1131 946 1198 Aut
963 1129 1058 1213 enim
1080 1127 1204 1216 nulla,

126 1219 325 1339 autpadca
343 1240 542 1311 admodum
559 1240 851 1331 citataadhibui,
870 1266 1029 1339 quorum
1051 1242 1221 1336 farragi·,

128 1380 213 1436 rtem
231 1379 252 1425 a
269 1353 392 1425 multis
409 1354 582 1426 doctrinae
598 1357 722 1453 potius
740 1355 982 1442 ostentandae,
997 1380 1109 1452 quam
1130 1358 1203 1448 uti·

132 1468 242 1538 litatis
254 1489 362 1545 causa
376 1467 661 1542 consarcinatam
676 1490 752 1540 esse
768 1466 864 1555 vidi,
881 1467 994 1562 magis
1012 1490 1070 1536 me
1087 1465 1203 1536 lecto·

34 1642 37 1649 .
127 1579 230 1651 ribus
248 1577 482 1678 profuturum
501 1580 728 1677 existimans,
751 1581 781 1650 si
802 1604 929 1651 sensus
951 1580 1022 1652 loci
1048 1580 1204 1675 alicujus

127 1717 237 1793 quam
256 1693 479 1790 paucissimis
500 1693 751 1791 explicaretur.

176 1812 261 1879 Non
278 1832 361 1877 raro
382 1809 510 1878 Cicero
531 1809 607 1904 ipse
633 1808 678 1879 ad
700 1809 895 1907 scriptores
916 1800 1050 1905 graedos
1069 1833 1207 1904 provo-

130 1938 206 2007 cat,
231 1921 365 2021 horum
383 1921 784 2019 locoscomparationis
807 1932 930 2011 causa,
950 1935 987 1995 et
1009 1927 1039 1993 si
1061 1922 1120 2018 alii
1143 1949 1205 1996 oc·

130 2028 344 2129 caruissent,
366 2039 429 2132 qui
460 2037 504 2108 ad
531 2036 680 2108 uberius
705 2036 962 2133 illustrandum
989 2039 1204 2121 Ciceronem

131 2149 310 2245 lacerent,
340 2153 501 2246 integros
523 2138 708 2249 adscripsi.
739 2151 893 2224 Selectas
920 2153 1074 2223 Ernestii
1097 2167 1207 2250 notas

129 2267 322 2373 ipsissimis
334 2264 455 2355 perbis
475 2265 661 2362 adspersas
683 2269 816 2364 passim
837 2268 1010 2355 invenies.

163 2383 269 2473 Quae
285 2379 367 2473 ad
350 2378 602 2472 illustrandam
620 2405 698 2452 rem
716 2379 963 2452 historicam
954 2407 992 2452 1n
1017 2381 1073 2452 his
1090 2379 1206 2464 libris

131 2494 276 2565 obviam
295 2509 478 2591 spectant,
493 2520 534 2565 ea
552 2495 598 2565 ad
613 2521 729 2583 unum
745 2499 867 2567 omnia
884 2497 922 2566 in
935 2464 1096 2568 indicem
1114 2522 1206 2593 con·
1222 2554 1224 2558 Α

64 2597 65 2600 “
132 2633 300 2719 gerere
280 2611 396 2705 visum
406 2624 492 2698 est
517 2635 564 2715 ne
586 2611 698 2694 moles
720 2612 970 2718 commentarii
989 2628 1207 2722 augeretur,

132 2749 262 2834 neque
270 2699 404 2827 eadem
414 2724 470 2813 bis
489 2746 589 2797 terve
603 2700 800 2823 repetenda
810 2710 947 2809 essent

129 2837 431 2943 Magdeburgr
442 2839 511 2913 kal
536 2841 617 2913 mai.
637 2842 740 2952 1798
