2670 4816
218 403 238 444 a
402 376 451 452 IN
476 374 774 443 TUSCULANAS
798 371 1094 459 QUAESTIONES

215 499 290 561 libri
313 497 352 560 de
375 496 509 558 Finibus
532 496 694 558 bonorum
723 511 755 557 et
779 494 953 575 malorum,
978 516 1053 556 ann.
1080 492 1161 556 Urb.
1195 491 1281 579 708,

216 625 326 665 mense
340 602 465 664 circiter
480 601 599 681 sextili,
611 599 703 677 editi,
722 600 776 664 lib.
785 600 824 682 V,
842 623 911 686 cap.
925 623 973 662 11.
991 601 1142 662 Ceterum
1161 599 1282 661 harum

213 710 470 772 Tusculanarum
498 707 764 794 Disputationum
794 707 916 769 mentio
946 704 983 769 fit
1010 706 1042 768 in
1071 706 1213 793 epistolis
1240 705 1284 767 ad

213 815 371 893 Atticum,
388 813 459 894 XV,
483 835 500 875 a
521 829 553 875 et
568 816 607 888 4,
628 813 755 899 scriptis
774 835 849 874 ann.
866 811 946 875 Urb.
966 834 1047 897 709,
1063 829 1094 875 et
1112 834 1217 901 quum
1240 813 1283 876 ad

214 920 308 983 Attio.
322 919 420 998 Xlll,
444 918 499 999 32,
523 918 564 981 ab
583 919 693 981 Attico
716 919 813 1005 petit,
839 933 877 979 nt
899 917 960 978 sibi
980 917 1155 981 Dicaearchi
1180 919 1282 981 libros

211 1033 267 1103 περὶ
281 1036 366 1100 Ψυχῆς
380 1022 503 1102 mittat,
521 1023 577 1108 qui
594 1022 659 1108 apti
679 1039 785 1085 essent
802 1021 843 1085 ad
858 1020 892 1084 id
911 1022 1003 1107 quod
1019 1045 1122 1108 quum
1141 1023 1283 1085 maxime

213 1130 387 1218 cogitaret,
405 1126 493 1189 haud
511 1127 609 1191 dubie
625 1126 785 1214 significat
802 1151 836 1191 se
853 1128 886 1189 in
907 1127 1103 1191 elaborando
1123 1129 1283 1192 Tuscula·

212 1256 328 1296 narum
345 1233 610 1320 Disputationum
625 1232 709 1295 libro
720 1233 825 1319 prirno
838 1249 998 1296 versatum
1015 1255 1102 1315 esse,
1118 1234 1283 1298 ubimen-

211 1340 334 1404 tionem
349 1340 480 1402 illorum
497 1339 590 1419 facit,
604 1339 660 1402 lib.
678 1340 710 1420 Ι,
733 1362 802 1429 cap.
822 1363 871 1404 11.
890 1340 1073 1403 Absolvisse
1086 1357 1197 1403 autem
1214 1342 1283 1405 illas

212 1461 286 1508 ante
304 1446 436 1507 Caesaris
455 1444 621 1507 interitum
638 1445 680 1532 (h.
694 1468 722 1508 e.
733 1461 807 1508 ante
818 1445 892 1509 idus
907 1462 997 1509 mart.
1011 1470 1085 1510 anti.
1104 1447 1185 1512 Urb.
1202 1449 1283 1536 709)

212 1567 338 1615 constat
357 1574 395 1614 ex
412 1550 504 1613 initio
527 1551 599 1613 libri
618 1549 659 1613 de
677 1552 774 1630 Fato,
794 1551 852 1613 ubi
872 1552 1062 1629 Tusculanae
1080 1552 1283 1640 Disputatio·

212 1679 269 1719 nes
288 1657 443 1719 citantur:
460 1678 578 1741 easque
593 1657 659 1735 jam
676 1672 747 1718 turn
763 1657 804 1718 ab
825 1657 931 1718 Attico
953 1657 1049 1719 lectas
1068 1680 1137 1720 esse
1157 1680 1283 1747 cogno-

212 1767 313 1829 scitur
338 1789 376 1829 ex
399 1766 541 1854 epistolis
564 1763 604 1827 ad
627 1768 693 1828 Att.
713 1766 784 1846 XV,
811 1787 828 1826 2
849 1782 881 1828 et
898 1770 933 1846 4,
956 1789 1028 1852 quae
1052 1768 1177 1855 scriptae
1205 1786 1284 1834 sunt

214 1894 324 1934 mense
342 1872 475 1951 martio,
490 1893 566 1932 ann.
581 1870 660 1932 Urb.
675 1893 750 1956 7⁰9·
808 1897 811 1903 ·

256 1977 321 2064 lpsi
350 1991 458 2039 autem
486 1974 603 2062 dialogi
635 1974 736 2037 habiti
762 1998 829 2038 esse
855 1974 1024 2064 finguntur
1052 1977 1085 2039 in
1114 1978 1283 2044 Ciceronis

213 2081 413 2158 Tusculano,
433 2097 507 2169 post
527 2079 705 2143 discessum
723 2081 814 2143 Bruti
830 2081 863 2142 in
882 2080 1034 2165 Galliam,
1052 2083 1150 2148 itaut
1167 2085 1283 2150 Cicero

214 2211 319 2250 unum
336 2210 374 2250 ex
390 2185 617 2266 familiaribus,
635 2185 778 2270 quitum
796 2207 907 2248 secum
922 2182 1030 2268 erant,
1047 2210 1171 2275 ponere
1187 2189 1284 2269 jube·

118 2353 130 2372 ,
215 2308 265 2356 ret
281 2292 322 2356 de
348 2315 415 2379 quo
440 2292 467 2355 is
493 2289 605 2353 audire
629 2289 724 2353 vellet
748 2290 806 2377 (ut
830 2292 898 2379 ipse
923 2293 967 2357 ait
995 2293 1052 2357 lib.
1078 2296 1114 2376 Ι,
1140 2318 1209 2384 cap.
1227 2297 1283 2384 4),

216 2397 256 2461 de
283 2398 348 2460 hoc
380 2414 487 2460 autern
520 2396 588 2482 ipse
619 2412 676 2459 aut
708 2394 843 2478 sedens,
874 2414 930 2461 aut
965 2397 1134 2463 ambulans
1168 2401 1284 2490 dispuss

216 2519 308 2567 taret.
327 2505 440 2590 Itaque
466 2502 612 2589 quinque
637 2500 764 2564 dierum
793 2503 918 2566 scholas
945 2504 979 2566 in
1012 2504 1150 2570 totidem
1181 2508 1283 2572 libros

217 2607 374 2688 contulit,
395 2608 452 2694 qui
472 2608 569 2696 vulgo
596 2607 728 2696 quidem
754 2609 998 2696 appellabantur
1023 2611 1284 2677 Tusculanarum

219 2715 469 2796 Quaestionnm3
496 2729 534 2775 ut
569 2730 616 2777 est
649 2714 683 2776 in
717 2715 788 2778 cod.
822 2717 900 2804 Reg.
935 2716 1068 2803 aliisque
1104 2721 1282 2785 nonnullis.

216 2821 334 2884 Veram
347 2836 457 2883 autem
473 2820 646 2883 lectionem
662 2843 730 2883 esse
745 2821 999 2886 Tusculanarum
1017 2824 1284 2912 Disputationum

214 2928 280 3008 jam
303 2927 345 2990 P,
363 2925 528 2989 Manutius
553 2925 650 3006 vidit3
678 2949 818 3014 eumque
839 2945 951 3015 postea
973 2946 1131 3017 sequutus
1150 2948 1200 2995 est
1217 2935 1284 2997 Da·

217 3030 345 3120 vitius(
368 3031 390 3118 l.

253 3219 291 3283 (1)
307 3219 387 3279 Hujus
399 3198 537 3282 argumenta
549 3217 605 3264 vide
618 3217 694 3278 iufra,
708 3229 761 3266 not.
773 3237 795 3276 1,
808 3219 839 3266 ad
854 3236 907 3284 cap.
922 3237 932 3270 1
947 3222 1004 3269 libri
1014 3223 1096 3286 primi.

252 3309 306 3356 Nos
320 3315 411 3365 tamen,
425 3321 501 3368 quum
513 3316 573 3354 teste
585 3308 609 3354 J.
619 3307 651 3353 V.
665 3307 775 3368 Leclerc,
788 3307 927 3356 testimonla
939 3326 984 3373 pro
993 3321 1096 3374 utraque
1106 3313 1223 3375 opinione
1232 3315 1284 3362 fere

217 3396 284 3459 paria
304 3395 365 3454 sint,
381 3405 404 3440 et
422 3405 538 3458 praeterea
557 3393 609 3441 haec
629 3410 666 3442 res
686 3393 801 3441 levissimi
823 3395 855 3443 sit
872 3397 1004 3455 momenti,
1027 3398 1175 3447 servavimus
1195 3402 1281 3449 inscri-

217 3485 327 3548 ptionem
348 3482 529 3546 Queestioaum,
549 3498 603 3545 quae
623 3483 648 3528 in
670 3483 792 3547 plerisque
811 3484 915 3548 vulgatis
930 3484 1081 3533 editionibus
1099 3488 1236 3549 iuvenitur,
1258 3501 1282 3537 et

217 3587 290 3633 quam
299 3573 351 3636 ipse
362 3571 466 3619 servavit
479 3569 590 3627 Leclerc,
605 3587 678 3633 quem
692 3562 784 3648 ubique
797 3570 855 3618 alias
868 3571 964 3636 sequuti
979 3588 1072 3622 sumus.
1081 3574 1128 3620 Eu.

697 3827 801 3837 ...ι-ὓ,
