2670 4816
194 365 216 408 x
513 333 647 404 novt
680 336 943 405 numerus
1029 301 1033 305 ’

194 497 253 544 res
273 469 311 541 et
332 481 545 564 argumenta
568 458 792 566 spectemus,
814 494 856 541 ea
877 471 916 539 in
936 469 1007 541 hoc
1037 471 1086 541 ita
1112 485 1197 542 sunt
1222 472 1269 543 de
1310 440 1322 487 l

195 593 321 666 medio
331 605 473 687 sumpta
487 605 523 661 et
537 592 726 662 communi
741 591 984 689 intelligentiae
999 591 1105 663 obvia
1115 648 1125 681 ‚
1137 608 1179 665 ut
1193 596 1270 693 ipsa

193 716 347 790 facilitas
363 714 492 786 alliciat
512 713 556 785 ad
578 712 795 811 legendnm3
819 729 901 786 turn·
924 714 1146 789 admirabilis
1175 720 1270 789 inest

193 844 298 940 copia
313 832 579 912 sententiarum
592 853 629 908 et
641 852 919 936 praeceptorum,
927 838 1065 936 quibus
1079 841 1269 937 ingenium

194 992 276 1039 non.
297 986 451 1062 prorsus
473 960 601 1034 serrile
626 960 673 1032 ad
702 962 861 1034 excelsos
886 962 934 1033 de
961 961 1072 1035 rebus
1097 963 1271 1037 humanis

81 1140 89 1156 ,
197 1112 326 1163 sensus
352 1086 562 1158 imbuatur:
590 1086 665 1158 sive
679 1106 682 1112 ·
695 1086 812 1159 latine
837 1086 883 1158 de
913 1087 1002 1159 locis
1029 1088 1271 1187 philosophiae

204 1209 387 1285 scribendi
399 1195 648 1308 loquendique
664 1209 876 1308 magistrum
894 1235 1048 1308 quaeras‚
1063 1237 1179 1308 quum
1194 1237 1272 1283 om-

201 1341 298 1410 nino·
320 1313 443 1408 nullus
468 1348 522 1406 est
551 1335 728 1405 Cicerone
755 1319 897 1421 melior,
924 1349 1004 1405 tum
1033 1336 1092 1408 bic
1116 1339 1271 1410 maxime

200 1461 293 1534 fiber
306 1460 386 1557 ejus
403 1483 444 1530 ea
462 1457 618 1557 scriptus
632 1471 685 1529 est
698 1461 872 1530 orationis
886 1456 1023 1547 forma,
1034 1485 1126 1557 qua,
1142 1487 1271 1558 quam-

197 1587 251 1658 vis
279 1584 317 1655 id
348 1582 393 1654 de
419 1580 597 1653 industria
624 1605 828 1678 nonages,
858 1583 896 1653 in
919 1597 1076 1681 utraque
1099 1582 1271 1658 facultate

87 1725 96 1751 ¹
195 1730 419 1807 magnopere
445 1720 482 1776 te
502 1704 662 1800 adjuvari
686 1705 828 1776 sentias.
850 1710 901 1777 Ut
921 1710 968 1778 sit
992 1709 1103 1804 igitur
1118 1709 1270 1806 reliquis

193 1859 240 1905 ex
265 1833 337 1903 hoc
364 1853 497 1928 genere
523 1827 650 1913 libris,
679 1831 894 1901 nominatim
923 1829 993 1903 illis
1021 1833 1087 1931 qui
1112 1849 1199 1904 sunt
1224 1835 1271 1907 de

194 1953 343 2046 Finibus
357 1950 453 2025 etde
466 1947 625 2039 Officiis,
640 1952 763 2023 minus
778 1953 908 2034 doctus
922 1977 964 2025 ac
979 1956 1201 2054 perpolitus;
1215 1961 1271 2030 uti

193 2093 251 2152 est
267 2101 354 2149 sane
376 2076 567 2173 (nimirum
587 2077 700 2145 unius
716 2075 773 2146 vel
794 2073 954 2147 duorum
972 2078 1154 2149 mensium
1173 2079 1274 2153 vide·

64 2267 68 2276 ,
194 2219 257 2274 tur
278 2182 391 2273 foelus
408 2198 522 2293 esse):
550 2211 674 2269 tamen
698 2195 736 2268 id
765 2198 868 2271 nullo
900 2199 1012 2270 modo
1042 2199 1176 2287 obstat,
1196 2229 1271 2301 quo

196 2330 317 2398 minus
338 2324 372 2394 ei
393 2321 497 2410 usui,
516 2345 626 2419 quem
646 2319 741 2409 dixi,
768 2322 806 2391 in
829 2323 957 2419 primis
980 2325 1286 2400 accommodatus·

196 2447 313 2527 uideri
331 2442 473 2516 debeat.
499 2448 618 2514 Immo
646 2443 733 2514 latet
755 2447 793 2514 in
819 2442 888 2516 hac
916 2447 995 2543 ipsa
1016 2471 1057 2517 re
1081 2447 1272 2544 quiddam,

195 2570 297 2645 unde
328 2565 453 2641 solerti
484 2567 659 2665 magistro
687 2566 785 2639 duce
814 2569 951 2640 tirones
979 2594 1074 2641 nova
1106 2571 1270 2668 quaedam

196 2693 363 2794 praesidia
384 2705 510 2790 petere
529 2706 667 2789 queant
688 2688 734 2762 ad
754 2690 1032 2788 intelligendum
1058 2709 1096 2765 et
1114 2696 1160 2766 ad
1176 2696 1273 2793 jndi-

197 2817 369 2905 candum.
391 2818 435 2885 In
455 2814 499 2885 iis
523 2816 639 2901 enim,
659 2838 744 2912 quae
759 2838 888 2913 parum
907 2815 1090 2889 subtiliter
1111 2818 1274 2919 disputat

199 2937 403 3014 consularis
425 2934 690 3035 philosophus,
711 2951 754 3008 ut
778 2936 824 3009 de
846 2938 1116 3010 immortalitate
1134 2942 1274 3014 animo·

199 3087 304 3152 rum,
332 3058 378 3131 de
395 3057 618 3157 aegritudinis
637 3057 912 3132 definitionibus
933 3063 1216 3158 Cyrenaicorum
1237 3083 1274 3139 et

198 3187 365 3287 Epicuri,
383 3182 430 3255 de
446 3184 683 3281 Peripatetica
701 3181 915 3255 defensione
934 3186 1272 3282 perturbationum,

197 3310 396 3406 multisque
413 3305 493 3379 aliis
510 3305 620 3397 locis,
638 3304 781 3379 infinita
804 3309 965 3381 nascitur
985 3312 1135 3383 materia
1153 3312 1272 3410 philo·

198 3430 397 3532 sophandi,
415 3430 445 3501 si
461 3429 563 3525 quis,
583 3429 737 3526 eleganti
750 3432 926 3504 orationis
941 3435 1074 3507 vestitu
1092 3434 1273 3528 detracto,

199 3557 363 3628 animum
381 3550 429 3624 ad
440 3552 555 3649 ipsius
568 3549 823 3649 disputationis
838 3569 875 3626 et
888 3580 1011 3628 rerum
1025 3560 1273 3655 cognitionem

198 3679 364 3752 traducat
378 3705 391 3747 :·
407 3699 481 3773 qua
500 3676 760 3748 exercitatione
777 3677 915 3750 nullam
932 3682 1019 3752 novi
1032 3679 1273 3757 efficaciorem

198 3801 400 3902 palestram
417 3797 547 3896 εὐφυΐας.
573 3799 745 3895 Denique
765 3799 932 3874 nondum
951 3803 1078 3894 video,
1099 3832 1165 3879 cur
1185 3824 1271 3881 aeta-

199 3942 275 3998 tem
294 3925 332 3995 in
351 3922 540 3996 elementis
556 3921 755 3996 haerentem
780 3929 901 3997 statim
921 3952 942 4000 a
960 3928 1084 4001 limine
1104 3931 1150 4001 ad
1175 3935 1271 4031 opti-

198 4072 347 4133 morum
359 4046 577 4143 scriptorum
591 4048 883 4145 prestantissima
896 4075 1051 4149 quaeque
1064 4050 1271 4127 ducendam
