2670 4816
437 366 729 435 PRAEFATIO.
962 374 970 382 ’
1035 365 1119 435 xxix

104 481 150 554 Ab
169 481 296 555 cadem
312 486 417 555 tertia
433 469 642 583 praelatione
659 485 794 557 absunt
812 510 854 556 ea
872 512 954 585 quae
970 488 1008 557 in
1029 486 1118 558 dua-

69 589 122 662 bus
141 608 345 689 sequuntur
361 593 489 683 verba,
512 595 774 693 «Plerosque...
794 595 945 692 contigit
954 627 988 687 a..

103 709 144 775 At
161 721 288 778 contra
310 707 497 780 adduntur
515 713 557 780 in
574 711 680 781 tertia
693 709 869 798 editione,
889 725 973 807 post
992 709 1084 810 praes
1102 753 1118 766 ·

66 825 204 910 tionem,
226 824 433 904 testimonia
454 822 499 895 de
522 827 585 895 MS
603 827 717 922 Regio
735 848 844 927 supra
860 840 1074 897 memorato.

101 1018 155 1085 Cu.
183 1021 384 1088 Suuuasius
408 1043 447 1088 ru
469 1022 642 1089 Erisrorn
672 1045 721 1090 uu
749 1004 811 1090 Cn'.
839 1023 1071 1106 Suunuvuuu,

422 1157 529 1204 racc.
548 1131 635 1220 235,
656 1134 738 1207 236.

100 1307 205 1372 «Uno
222 1327 263 1372 ac
275 1316 459 1400 ,perpetuo
478 1303 592 1373 ductu
610 1305 687 1374 sine
706 1303 783 1374 ullo
804 1304 997 1374 interstitio
1011 1329 1117 1375 voces

63 1441 175 1488 omnes
205 1418 340 1486 exarari
373 1414 556 1502 solebant,
587 1431 624 1488 et
653 1397 839 1488 sententia
868 1418 975 1489 etiam
1004 1420 1125 1489 couti·'

62 1535 173 1602 nuari:
191 1531 262 1601 nisi
281 1528 481 1628 quod,ubi
498 1527 659 1628 perfecta
677 1528 809 1618 fuerat,
832 1556 909 1603 non
933 1530 972 1602 in
992 1531 1117 1604 eadem

45 1645 140 1718 linea
158 1646 308 1717 alteram
327 1645 626 1743 auspicabantur,
651 1645 713 1717 sed
737 1646 954 1746 principium
973 1647 1119 1718 alterius

58 1761 172 1849 lineae,
197 1762 272 1832 sive
299 1786 423 1833 versus
451 1760 684 1834 inchoabant.
715 1760 805 1835 Inde
831 1776 915 1833 nata
936 1761 1120 1833 distinctio

57 1901 113 1972 per
141 1858 290 1964 versus,
312 1879 377 1972 qui
402 1874 555 1970 majores
581 1889 644 1946 aut
675 1862 836 1946 minores
863 1890 985 1963 erant,
1008 1890 1121 1972 prout

57 1991 226 2061 sententia
245 1987 411 2087 pluribus
435 2003 496 2059 aut
515 1985 748 2086 paucioribus
769 1986 889 2060 verbis
910 1987 1121 2060 absolveba·
1177 2045 1179 2053 .

56 2118 115 2174 tur.
135 2102 328 2175 Interdum
347 2103 485 2202 quippe
505 2101 611 2188 duas,
627 2102 810 2175 interdum
827 2117 899 2174 tres
918 2118 980 2174 aut
997 2103 1121 2200 plnres

54 2216 157 2289 lineas
178 2218 311 2315 singuli
326 2241 450 2291 versus
467 2216 706 2316 occupabant.
724 2217 840 2288 Graeci
854 2211 978 2315 στίχους
996 2218 1121 2316 appel-

54 2331 129 2404 lant.
157 2336 280 2431 Opera
309 2347 430 2404 autem
461 2334 537 2431 ipsa
565 2331 855 2404 numerabantur
882 2357 948 2430 per
976 2357 1121 2418 versus,

54 2469 204 2540 quorum
222 2469 363 2515 summa
374 2445 414 2514 'in
430 2443 502 2516 fine
516 2442 601 2515 libri
615 2443 792 2515 subducta
807 2441 1013 2514 notabatur.
1029 2443 1120 2514 Inde

54 2565 232 2655 ,πολύστιχον
249 2559 368 2648 uetitos
396 2558 442 2631 de
471 2558 601 2657 grandi
630 2559 815 2631 volumine
837 2555 1019 2629 dicebaut.
1045 2558 1118 2628 Diu

54 2671 187 2744 duravit
201 2673 279 2745 haec
289 2673 392 2747 ratio.
410 2676 452 2744 ln
465 2674 579 2745 veteri
593 2672 717 2745 codice
728 2671 969 2770 Epistolarnm
983 2671 1117 2752 Paulli,

10 2872 12 2891 Ι
54 2789 107 2883 qui
124 2812 240 2886 penes
258 2791 439 2860 Puteanus
456 2803 530 2875 est,
553 2788 598 2861 ad
616 2785 748 2874 finem,
782 2788 894 2857 totius
918 2787 1110 2883 Scripturae

10 2938 12 3007 ζ
54 2902 158 2972 Sacrae
180 2899 360 2973 librorum
382 2904 600 3000 στιχομετρίαν
620 2915 781 2975 notatam
809 2901 983 2971 invenies.
1011 2902 1115 2990 Quae·

10 3018 12 3025 '
54 3019 181 3088 stiones
199 3015 419 3105 Tusculanas
435 3018 474 3086 in
491 3016 743 3113 antiquissimo
769 3013 967 3111 exemplari
986 3009 1117 3083 biblio-

54 3129 155 3203 thecae
173 3132 293 3230 Regia
312 3132 360 3203 ita
378 3155 444 3230 per
460 3155 585 3205 versus
603 3131 789 3203 distinctas
808 3130 983 3228 reperis».

72 3325 162 3395 loru
182 3322 382 3389 Satrianus
399 3344 437 3391 lu
456 3324 735 3390 Paouruonums
752 3344 802 3389 uu
821 3321 1001 3403 Souiuuu,
1016 3341 1047 3386 c.
1062 3313 1092 3385 5.

92 3496 318 3570 «Sciendum
341 3509 480 3566 exstare
507 3498 544 3565 in
559 3516 561 3521 ’
576 3493 797 3566 bibliotheca
812 3496 928 3591 Regis
954 3491 1116 3564 codicem

51 3616 326 3687 Tusculanarum
362 3612 610 3702 Quaestionum
648 3635 759 3680 manu
804 3623 990 3699 exaratum
1032 3610 1116 3678 satis

51 3754 177 3830 magnae
193 3727 404 3813 vetustatis3
423 3733 461 3794 in
478 3750 554 3822 qno
569 3751 643 3795 non
663 3724 793 3796 ordine
810 3723 1005 3808 contium,
1022 3725 1115 3793 sicut

51 3846 80 3915 in
100 3847 176 3918 aliis
199 3843 415 3916 tralatitium
440 3857 512 3926 est,
538 3839 620 3911 libri
646 3840 818 3936 descripti
846 3836 1029 3923 feruntur,
1054 3838 1117 3908 sed
1150 3872 1152 3876 ·

51 3961 219 4033 saltuatim
245 3983 312 4058 per
331 3954 527 4053 inaequales
551 3955 739 4053 periodos,
766 3979 809 4025 eo
836 3978 983 4050 prorsus
1009 3953 1119 4024 modo

53 4099 115 4179 quo
135 4075 250 4148 Biblia
270 4078 379 4144 Sacra
398 4069 598 4141 videmus».
