2670 4816
63 429 68 440 O
366 395 369 401 ,
447 339 741 424 PRAEFATIO.
956 377 959 383 ·
1059 341 1130 436 xvij

55 475 109 531 est
128 471 318 555 sequutus.
342 464 384 529 ln
406 459 533 528 ceteris
551 459 649 528 enim
669 457 840 531 omnibus
854 474 958 531 notas
971 463 1131 559 integras

55 583 225 669 Victorii,
250 579 363 652 Paulli
379 582 551 666 Manutii,
574 582 787 669 Camerarii,
809 581 978 653 Lambini
992 599 1029 655 et
1047 587 1130 656 Ful·

56 707 105 774 vii
125 705 273 791 Ursini,
301 705 486 786 Ciceronis
505 702 626 775 verbis
650 703 824 801 subjecit3
856 707 894 776 in
920 708 1132 781 Tusculanis

57 809 134 897 nou
160 831 261 897 item.
285 826 426 897 Scilicet
450 825 497 898 ab
522 828 565 897 iis
588 824 809 913 ordiebatur,
833 841 870 898 et
888 826 1073 916 nondum,
1091 844 1133 900 ut

58 949 232 1036 arbitror,
246 950 297 1019 ita
311 940 494 1020 Ciceronis
507 947 619 1021 libros
633 948 811 1021 tractandi
830 950 1021 1023 consilium
1039 952 1145 1023 inie-¹

57 1087 122 1144 rat.
142 1077 283 1143 Vereor
307 1086 445 1157 autem,
471 1095 517 1143 ne
533 1073 600 1143 viri
627 1071 725 1145 docti
750 1072 896 1144 illorum
924 1074 1132 1146 criticorum

60 1197 157 1267 notis
176 1196 360 1294 aegerrime
378 1210 540 1284 careant,
565 1194 663 1268 unde
682 1201 874 1295 separatim
889 1221 951 1269 eas
968 1197 1134 1287 edemus,

59 1320 181 1391 addita
211 1320 322 1390 trium
348 1319 619 1389 Davisianarum
647 1316 748 1388 editt.
771 1317 964 1390 collatione
991 1344 1135 1392 accura-

62 1444 217 1529 tissima,
236 1455 277 1512 ut
303 1442 417 1512 lector
442 1439 573 1512 horum
594 1439 773 1516 librorum
799 1443 922 1513 omnia
945 1465 1061 1540 quum
1088 1443 1134 1513 ad

62 1565 358 1661 intelligentiam,
378 1579 457 1634 tum
484 1563 528 1635 ad
543 1565 713 1667 criticam
737 1566 977 1637 instrumenta
1002 1563 1135 1637 habeat

61 1689 301 1762 necessaria.»
320 1693 402 1760 Haec
424 1672 586 1759 Rathius.
988 1772 992 1778 ¹

109 1817 188 1886 Nos
209 1815 248 1883 in
271 1836 383 1910 opere
409 1825 534 1882 nostro
557 1810 812 1884 constituendo
839 1813 941 1911 quasi
962 1810 1077 1883 basim
1100 1828 1137 1884 et

63 1935 342 2006 fundamentum
356 1933 551 2019 habuimus
566 1935 706 2038 tertiam
721 1936 857 2008 Davisii
870 1936 1080 2026 editionem,
1096 1942 1135 2007 in

64 2067 234 2156 quatum
254 2056 555 2129 accuratissimam
577 2070 771 2127 contextus
785 2058 862 2126 veri
882 2057 1136 2152 variarumque

63 2166 264 2252 lectioniim
285 2178 593 2276 disquisitionem,
618 2193 696 2249 tum
724 2176 929 2249 doctissima
950 2202 1137 2249 commen·

63 2305 151 2373 taria
174 2303 294 2374 lucem
313 2301 454 2372 auctori
473 2316 598 2372 nostro
617 2325 662 2372 ex
681 2301 836 2373 admotis
855 2316 1058 2372 ceterorum
1075 2327 1137 2372 au·

65 2441 208 2509 ctorum
227 2426 315 2497 locis
329 2424 528 2522 praebentia
542 2425 724 2497 invenias:
741 2424 851 2519 hujus
874 2421 1044 2494 editionis
1063 2422 1138 2496 lere

66 2576 193 2622 omnes
214 2553 374 2648 integras
398 2564 504 2620 notas
529 2551 567 2619 in
595 2563 755 2620 nostram
777 2547 1044 2636 transtulimus,
1069 2549 1138 2618 nisi

66 2672 165 2770 quod
190 2671 388 2769 aliquando
414 2673 635 2744 resecuimus
667 2670 861 2742 nonnullas
883 2670 1140 2768 digressiones,

65 2797 203 2895 quibus
213 2799 381 2883 Davisius
400 2796 519 2868 obiter
536 2790 780 2894 quorumdam
795 2808 985 2905 auctopum
1004 2818 1138 2891 graeco-

65 2946 144 2991 rum
176 2921 416 2992 latinorumve
446 2934 656 2997 contextum
688 2943 843 3017 purgare
874 2934 909 2989 et
944 2917 1138 2990 emendare
1243 2945 1247 2950 ·

66 3059 198 3133 tentat3
221 3059 259 3115 et
280 3045 310 3114 si
331 3069 411 3140 quae
430 3045 537 3114 etiam
553 3045 627 3114 aliae
643 3045 822 3115 nonsatis
841 3059 924 3142 apte
938 3042 984 3113 ad
1000 3056 1139 3113 textum

67 3171 251 3242 Ciceronis
268 3166 522 3278 illustrandum
539 3168 596 3238 vel
610 3167 877 3247 emendandum
895 3149 1139 3265 pertinebant.

67 3298 204 3363 Rursus
229 3283 348 3362 autem
377 3290 552 3389 quasdam
581 3306 687 3362 notas
715 3316 735 3361 e
764 3293 881 3388 prima
908 3290 1041 3360 Davisii
1066 3288 1141 3359 edi·
1197 3379 1202 3386 .

67 3418 165 3487 tione
183 3415 329 3484 haustas
346 3413 569 3501 addidimus,
587 3414 642 3485 vel
663 3415 820 3499 criticas,
843 3415 900 3484 vel
919 3412 1140 3510 exegeticas,

68 3564 154 3636 quas
168 3538 231 3608 ille
250 3542 289 3607 in
309 3537 414 3608 tertia
433 3536 488 3607 ed.
513 3537 741 3633 neglexerat,
763 3562 838 3607 non
861 3559 947 3606 saue
967 3536 1066 3631 quod
1084 3539 1141 3607 in·

67 3664 168 3734 utiles
192 3687 254 3735 eas
278 3658 460 3748 duxisset,
491 3661 554 3732 sed
580 3661 680 3757 quod
704 3660 877 3758 angustiis
901 3657 1003 3743 libri,
1032 3685 1142 3756 quem

67 3787 166 3880 justis
190 3784 328 3855 finibus
350 3785 546 3855 terminare
563 3783 724 3869 volebat,
742 3784 1057 3879 circumscriptus,
1080 3808 1144 3853 no·

71 3933 124 3979 vas
151 3907 429 3979 observationes
456 3908 565 3976 satius
590 3906 774 3978 habuisset
806 3907 841 3974 iu
871 3905 989 3976 lucem
1019 3906 1144 3988 edere,

72 4038 172 4130 quam
188 4033 261 4128 jam
283 4030 399 4101 editas
423 4044 596 4126 repetere.
1032 4033 1036 4041 '
