2670 4816
475 351 762 421 PRAEFATIO.
1108 375 1155 421 xv

78 488 281 556 Gruterum
301 480 467 579 aliosque
488 483 527 552 in
551 488 612 554 eis.
637 486 680 553 ln
696 479 1071 557 animadversionibm
1090 509 1153 557 oc·

78 619 239 678 currunt
254 629 333 675 non
348 628 484 703 pauca,
493 627 595 704 qun,
609 628 724 703 quare
737 608 775 675 in
789 603 938 701 reliquis
951 605 1156 696 induxerit,

77 733 140 800 vix
155 752 199 800 ac
220 753 269 799 ne
286 730 348 799 vix
366 728 516 826 quidem
533 704 721 801 interdum
742 727 933 825 intelliges.
956 731 1041 801 Duo
1063 752 1153 828 pre·

78 866 180 922 terea
198 850 238 920 in
257 849 354 922 calce
374 853 630 949 reperiuntur,
656 874 739 949 quae
760 876 782 922 a
809 848 952 923 duabus
974 857 1153 951 posterio-

61 973 183 1068 ribus
199 970 345 1044 absunt.
360 975 485 1045 Unum
508 988 582 1063 est,
600 974 758 1046 leodonis
772 979 951 1060 varinas,
972 998 1090 1072 quum
1108 1001 1154 1049 ex

53 1115 55 1120 '
78 1097 155 1168 suis
173 1093 281 1168 codd.
300 1110 338 1168 et
352 1096 438 1168 edit
451 1101 541 1169 Ven.
559 1101 664 1196 1491,
684 1112 762 1169 tum
781 1120 826 1170 ex
846 1095 949 1168 libris
965 1096 1154 1170 Gebbardi
1211 1136 1214 1141 ’

77 1217 311 1317 aliorumque
342 1216 526 1291 collecta:
558 1218 730 1308 alterum,
759 1218 861 1318 quod
888 1219 975 1292 huic
1001 1220 1153 1292 editioni

77 1341 255 1439 singulari
272 1357 489 1414 ornamento
505 1355 579 1430 est,
595 1341 867 1415 emendationes
885 1356 971 1413 sunt
986 1342 1154 1415 Richardi

77 1465 260 1554 Bentleii,
276 1489 377 1562 quae,
402 1479 443 1536 ut
468 1489 517 1538 er
545 1466 612 1537 viri
637 1468 771 1537 summi
791 1465 961 1564 epistola,
981 1466 1058 1537 istis
1076 1469 1155 1538 suis

76 1587 397 1661 emendationibus
413 1590 596 1686 praemissa
613 1602 781 1688 apparet,
799 1603 883 1687 post
898 1572 1062 1660 laborem
1081 1594 1153 1661 Da·

77 1710 278 1799 visianum,
303 1726 432 1808 utpote
463 1711 538 1806 jam
577 1715 675 1811 typis
711 1715 951 1812 impressum,
980 1708 1155 1784 confectae

77 1848 175 1904 sunt.
190 1833 299 1906 Unde
316 1832 376 1922 fit,
398 1850 440 1905 ut
453 1835 620 1906 Davisius
639 1834 776 1906 nullam
793 1836 833 1935 ip
853 1834 921 1906 bac
940 1828 1153 1932 prefatione

76 1954 358 2029 adnotationum
377 1957 669 2029 Bentleianarum
691 1961 916 2030 mentionem
936 1956 1052 2028 faciat.

128 2081 277 2153 «Editio
294 2081 410 2153 altera
431 2080 643 2154 inscribitur
660 2086 708 2153 M.
723 2088 763 2155 T.
779 2086 853 2154 Cic.
867 2080 1153 2153 Tusculanarum

77 2206 206 2302 Dispp.
233 2217 302 2276 etc.
328 2204 448 2276 Editio
476 2204 657 2293 secunda,
676 2208 815 2278 auctior
840 2221 876 2276 et
904 2203 1152 2276 emendatior:

77 2324 335 2422 Cantabrigiae,
366 2329 463 2427 typis
493 2328 724 2416 academicis,
755 2327 965 2428 sumptibus
991 2326 1151 2400 Cornelii

77 2448 313 2540 Crownfield,
328 2451 510 2549 etc.1723.
522 2451 731 2524 Admodum
748 2452 993 2527 memorabilis
1007 2466 1060 2524 est
1074 2451 1153 2523 haec

78 2570 218 2644 editio:
247 2596 380 2644 novam
402 2575 502 2644 enim
529 2575 566 2645 in
594 2599 637 2647 ea
655 2575 767 2648 habes
786 2580 1055 2664 recensionem,
1072 2599 1149 2646 non

77 2695 231 2782 Davisii,
260 2694 324 2767 sed
351 2697 520 2785 Bentleii,
550 2713 588 2770 et
609 2701 647 2770 in
667 2694 870 2798 ipsis'locis
891 2697 970 2795 (qui
995 2721 1073 2767 non
1100 2697 1150 2769 ita

77 2818 322 2916 multisunt),
347 2819 545 2918 inquibus
574 2824 740 2894 Davisius
765 2819 815 2893 ab
846 2821 907 2894 illa
935 2821 1150 2892 recensione

76 2939 246 3030 discedit,
265 2959 527 3016 commemorat
541 2943 667 3016 saltem
682 2945 928 3018 Bentleianam
942 2943 1148 3027 lectionem,

76 3064 179 3161 quod
197 3066 237 3136 in
253 3069 357 3137 tertia
373 3091 449 3137 non
465 3064 605 3165 ubique
623 3066 760 3139 lactum
774 3092 850 3140 esse
868 3066 983 3139 video.
995 3062 1149 3149 Deinde,
1180 3098 1185 3106 ·

77 3187 259 3285 quidquid
280 3189 319 3260 in
344 3188 646 3289 annotationibus
670 3191 728 3262 ed.
755 3192 881 3289 primae
906 3202 969 3261 aut
986 3185 1148 3257 deletum

77 3327 147 3399 est,
174 3325 237 3384 aut
265 3310 452 3400 additum,
481 3327 546 3385 aut
569 3314 724 3386 omnino
751 3316 1006 3398 immutatum,
1026 3309 1064 3379 id
1086 3309 1147 3380 hic

76 3437 303 3531 potissimum
321 3432 538 3507 factumest.
563 3435 883 3526 Quemadmodum
896 3449 1019 3506 autem
1036 3458 1074 3504 se
1088 3457 1147 3505 res

78 3557 206 3632 habeat
227 3583 312 3631 curn
331 3557 539 3631 Bentleiana
556 3561 785 3647 recensione,
807 3560 843 3630 id
872 3583 916 3630 ex
936 3553 1148 3655 praefatione

77 3684 206 3753 Davisii
227 3681 275 3785 ad
296 3706 366 3754 sec.
380 3680 603 3778 intelligitur.
620 3683 851 3781 Propositum
867 3684 900 3752 ei
918 3678 1028 3752 fuisse
1043 3677 1145 3750 vide·

76 3820 142 3893 tur,
164 3832 280 3880 novas
298 3806 398 3893 illas,
417 3830 508 3901 quas
524 3805 711 3878 Bentleius
728 3805 910 3906 pollicitus
923 3817 1018 3889 erat,
1040 3804 1147 3874 anim-

76 3931 322 4019 adversiones,
341 3928 493 4026 reliquis
511 3929 579 3999 viri
593 3933 725 4001 summi
748 3925 1066 4001 emendationibus
1087 3923 1148 3994 ad·

75 4049 155 4124 dere
184 4067 222 4128 et
252 4068 429 4152 utrasque
454 4077 558 4125 novae
585 4051 806 4150 subjungere
834 4053 1009 4126 editioni:
1031 4071 1148 4146 quum
