2670 4816
372 316 895 416 an'rorunmmnrtun.
1148 370 1173 440 9

130 466 227 554 qudms
243 486 333 530 nunc
349 465 496 553 undique
514 482 638 531 scatent
652 465 771 530 omnia.
785 465 841 529 Me
855 486 951 546 vero,
968 467 1095 531 tametsi
1105 467 1170 548 jam

129 586 258 660 tergente
279 586 389 652 aetate,
412 594 473 635 nec
498 571 649 660 pudebit,
670 594 730 635 nec
745 570 888 659 pigebit,
907 569 1102 659 simulatque
1119 594 1173 636 ex·

130 677 225 741 tricem
239 699 292 741 me
303 677 343 741 ab
357 677 408 741 his
425 700 497 765 quae
511 678 636 741 suntin
651 677 817 758 manibus,
839 698 913 741 cum
930 699 1003 740 meo
1016 677 1171 742 Cicerone

129 782 212 846 redire
236 783 270 846 iri
297 784 450 872 gratiam,
476 783 712 871 pristinamque
741 781 1008 864 familiaritatem,
1034 783 1170 846 nimium

129 889 219 952 multis
235 889 328 952 annis
344 889 578 971 intermissam,
597 911 753 953 renovare
770 888 896 952 menses
912 886 1045 976 aliquot.
1057 887 1172 953 Visum

129 1008 166 1056 est
178 1009 296 1077 autem,
312 995 378 1058 hoc
403 993 564 1082 quidquid
586 1011 635 1059 est
653 1017 760 1082 operae
782 993 841 1057 tibi
864 992 990 1076 dicare,
1007 994 1116 1059 multis
1135 1017 1171 1058 ac

129 1099 232 1186 magnis
254 1086 385 1163 dotibus
409 1099 612 1163 ornatissime
634 1100 802 1180 Ulattene,
831 1099 898 1162 sive
920 1115 958 1162 ut
983 1099 1048 1163 hoc
1074 1123 1171 1188 argu·

130 1220 221 1268 mento
245 1203 458 1288 declararem,
485 1205 566 1268 mihi
590 1203 739 1268 nondum
769 1202 924 1268 excidisse
950 1205 1168 1270 suavissimam

128 1307 196 1371 illam
210 1307 496 1392 consuetudinem,
508 1333 571 1396 qua
589 1309 669 1372 mihi
685 1309 828 1396 primum
841 1307 990 1398 Friburgi
1003 1309 1171 1398 singularis

129 1411 289 1479 humanitas
313 1431 389 1496 tua,
417 1437 552 1503 raraque
578 1438 708 1478 morum
729 1413 919 1495 dexteritas,
943 1415 1073 1503 cognita
1097 1440 1170 1505 per·

129 1537 278 1608 apertaque
291 1537 360 1585 est:
378 1517 450 1585 sive¹
463 1537 502 1585 ut
524 1522 660 1585 haberes
678 1522 740 1584 hos
758 1521 924 1584 Ciceronis
941 1520 1040 1585 libros
1058 1545 1170 1586 emen·
1272 1575 1278 1585 .

129 1621 262 1706 decores,
285 1648 370 1712 quos
385 1625 532 1689 literariae
545 1627 626 1714 pubi
640 1625 771 1706 juberes
786 1626 924 1714 praelegi.
944 1627 1029 1691 Nam
1050 1627 1168 1691 scholae

96 1721 100 1727 ’
130 1750 240 1816 quoque
252 1754 362 1795 curam
378 1732 584 1819 potissimum
595 1730 636 1795 ad
651 1749 683 1795 te
693 1732 856 1821 pertinere
867 1730 1005 1794 dicebas.
1018 1733 1168 1798 Ceterum

130 1830 185 1896 istic
203 1858 268 1898 esse
286 1859 438 1900 ranarum
460 1836 615 1918 chorum,
637 1860 709 1924 quae
727 1837 822 1901 bonis
844 1837 1033 1924 obstrepant
1050 1837 1167 1920 literis,

130 1939 228 2003 mirum
245 1940 345 2005 videri
362 1964 430 2005 non
449 1940 563 2024 debet,
580 1966 684 2030 quum
699 1943 750 2005 hae
768 1964 929 2029 nusquam
950 1939 1075 2023 desint,
1096 1966 1168 2030 quae

130 2044 288 2110 canfinnem
304 2046 390 2110 illam
405 2036 564 2111 'occinent
580 2071 619 2111 ex
638 2064 746 2112 vetere
763 2046 936 2127 comoedia,
959 2058 1169 2127 §pensariensis

130 2158 183 2220 κάξ.
197 2152 235 2214 At
250 2151 319 2216 istis
334 2151 463 2216 fortiter
481 2152 648 2242 neglectis,
670 2168 800 2240 oportet
817 2176 854 2218 ea
877 2155 987 2242 sequi,
1012 2176 1084 2240 quae
1106 2178 1170 2216 ma·

130 2252 197 2318 xime
211 2274 285 2320 sunt
303 2258 336 2320 in
353 2280 423 2320 rem
441 2257 630 2342 juventutis.
645 2257 696 2322 Ad
711 2257 746 2321 id
761 2259 922 2347 praecipue
944 2258 1121 2340 conducet,
1142 2260 1168 2321 si

130 2356 191 2424 ludo
202 2360 391 2448 praeficiatur
406 2361 522 2448 aliquis
545 2385 613 2426 non
639 2363 746 2427 minus
771 2363 867 2428 bonis
884 2366 1045 2446 moribus,
1071 2387 1169 2450 quam

130 2463 205 2530 bonis
220 2467 317 2532 literis
331 2467 501 2556 praeditus,
520 2470 572 2551 cui
587 2468 736 2532 salarium
753 2486 909 2558 augeatur
922 2495 983 2559 pro
997 2471 1123 2534 merito.
1139 2471 1169 2532 ls

130 2571 250 2655 primum
281 2574 373 2653 jactis
403 2575 573 2662 utriusque
601 2575 718 2663 linguae
749 2574 992 2658 fundamentis,
1026 2577 1168 2664 optimos

131 2697 256 2766 quosque
283 2696 432 2743 auctores
456 2679 625 2768 praelegat,
653 2681 717 2744 hoc
745 2697 813 2760 est,
836 2682 881 2745 M.
895 2682 1060 2763 Tullium,
1083 2697 1115 2743 et
1134 2698 1171 2744 ut

131 2780 245 2870 quisque
264 2801 313 2848 est
329 2786 376 2849 M.
394 2784 503 2848 Tullio
520 2785 697 2872 proximus.
715 2787 763 2848 Ex
783 2787 888 2873 poetis
912 2786 1031 2876 deligat
1049 2801 1170 2866 castos,

131 2903 251 2954 cetemm
265 2915 305 2955 ex
319 2892 387 2972 his,
406 2893 463 2978 qui
482 2893 569 2956 lectu
589 2892 678 2981 digni
700 2908 778 2955 sunt
793 2893 836 2956 ob
855 2893 1090 2972 eruditionem,
1115 2891 1171 2954 sed

130 2997 278 3077 perniciosi
298 3013 432 3086 propter
450 2998 693 3061 obscoenitatem
713 2996 793 3085 (quo
818 2998 859 3062 de
883 3021 1001 3088 genere
1022 3015 1071 3062 est
1090 2998 1172 3061 Mar·

131 3096 221 3188 tialis),
235 3103 434 3191 excerpenda
448 3125 564 3166 censeo
574 3152 583 3183 ,
595 3127 667 3190 quae
678 3105 787 3190 pueris
803 3120 875 3168 tuto
892 3105 1020 3193 praelegi
1034 3103 1168 3190 possint.

132 3200 181 3266 Sed
199 3206 235 3270 de
255 3209 306 3271 his
325 3210 461 3271 fortasse
481 3209 555 3271 alias
574 3210 685 3295 plura,
714 3233 911 3296 quamquam
932 3232 1028 3273 nemo
1052 3206 1170 3270 rectius

127 3313 273 3398 ‘consulem
301 3337 400 3402 quam
428 3314 613 3378 Leonardus
642 3315 831 3397 Pricardus,
858 3317 961 3378 viret
989 3311 1171 3376 eruditione

132 3416 214 3498 varia,
237 3438 268 3483 et
284 3442 417 3482 morum
438 3419 638 3508 integritate,
658 3436 690 3482 et
713 3421 817 3483 multo
837 3443 945 3483 rerum
969 3442 1031 3483 usu
1049 3415 1174 3481 eonsul-

132 3516 258 3591 tissimns.
273 3564 316 3576 -
331 3527 419 3589 Bene
435 3526 513 3589 vale.
