2670 4816
443 278 743 399 enniano.
1047 333 1133 427 xxxj

66 469 170 526 motas
194 475 278 525 esse
296 453 476 550 reperies,
497 451 616 524 donec
641 465 726 523 ante
748 449 816 522 hos
835 473 896 521 sex
915 473 1033 525 annos
1053 453 1134 525 ittu-

64 570 257 639 strissimus
267 565 653 639 WoifiusTusoulanas
664 566 941 664 Disputationes
958 580 1060 639 tanta
1076 567 1134 638 di·

63 685 199 783 ligentis
217 695 366 754 curatas
385 681 530 770 ederet,
544 696 587 752 ut
598 680 654 750 vel
673 680 781 779 piane
798 677 909 768 nihii,
930 681 985 751 uei
1000 705 1130 779 parum

62 801 179 871 saitem
194 798 250 868 rei
268 794 547 871 estimatoribns
560 793 840 875 desiderandum
853 791 1135 895 optandumque

60 914 290 1011 relinqueret.
835 962 838 969 -

101 1040 289 1110 Excitarat
307 1040 374 1108 Vir
388 1036 629 1108 Doctissimus
644 1049 758 1133 atque
770 1038 1010 1108 Acutissimus
1026 1062 1127 1136 spem

59 1178 126 1223 non
151 1151 276 1223 solum
306 1149 486 1245 ejusmodi
517 1174 623 1222 novae
651 1150 874 1227 recensionis
903 1150 1130 1249 reliquorum

27 1250 32 1265 ⁸
59 1269 240 1340 Ciceronis
274 1267 493 1363 scriptorum
518 1264 886 1364 philosophicorum,
924 1266 988 1337 sed
1019 1271 1127 1339 etiam

58 1385 200 1479 majoris
232 1380 491 1481 uberiorisque
517 1379 686 1452 editionis
712 1380 1007 1453 Tusculanarum.
1038 1386 1129 1472 Quae

59 1497 203 1593 quidem
223 1520 328 1595 spes,
347 1498 512 1591 quemvis
531 1494 720 1565 consilium
743 1517 866 1565 meum
885 1495 931 1566 de
953 1519 1047 1567 nove
1068 1522 1127 1568 ea·

27 1642 32 1649 ·
58 1637 131 1682 nnn
147 1610 311 1683 editione
328 1609 553 1696 adornanda,
564 1610 666 1706 prius
680 1609 756 1705 jam
774 1625 999 1707 susceptum,
1018 1636 1131 1709 qnam
1224 1654 1228 1664 ·

57 1727 109 1798 itte
129 1752 255 1798 novus
277 1739 399 1795 textus
416 1723 617 1795 Wolfianus
637 1725 675 1794 in
697 1724 991 1798 iucem-emissus
1013 1744 1124 1815 esset,

56 1841 325 1938 tunctemporis
336 1859 487 1937 prorsus
500 1837 740 1927 labefecisset,
751 1843 790 1908 in
801 1852 988 1937 posterum
1004 1856 1123 1915 tamen

57 1953 172 2026 denuo
202 1953 389 2024 firmatum
408 1967 462 2024 est
489 1953 676 2055 cogitanti,
699 1951 875 2024 Woifium
892 1958 936 2026 V.
956 1959 996 2026 O.
1018 1958 1126 2028 aliam

56 2070 355 2167 punctationem
377 2084 640 2165 sequuturum,
664 2070 803 2167 quippe
822 2071 886 2167 qui
908 2095 1010 2142 suam
1028 2075 1125 2145 Viris

56 2188 173 2258 Doctis
193 2182 231 2256 c't
243 2184 386 2255 Griticis
397 2183 776 2270 solumdestinavcrit,
794 2208 857 2256 me
872 2200 994 2257 autem
1004 2192 1125 2261 meam

56 2325 120 2371 uon
130 2299 342 2395 nisijureni
355 2297 483 2370 lectori
500 2314 540 2371 et
550 2299 784 2371 humanitatis
796 2299 959 2373 studioso
975 2328 1122 2402 parare,

57 2414 197 2488 n'huie
214 2413 327 2486 rnodo
348 2413 457 2485 lectio
476 2413 596 2512 aliqua
616 2439 660 2486 ex
676 2428 781 2512 parte
795 2412 936 2488 facilior
947 2417 1123 2492 reddatur

28 2524 32 2535 ’
55 2528 388 2629 atqne'expeditior.

95 2660 236 2731 Rursus
248 2657 473 2754 itaque'ante
486 2655 676 2729 biennium
691 2656 911 2730 Tusculanas
929 2660 969 2731 in
990 2683 1121 2736 manus

56 2775 201 2872 sumpsi,
221 2785 258 2844 et
271 2770 405 2842 mirum
422 2786 601 2870 quantum
618 2770 766 2867 adjutus
782 2797 863 2844 sum
877 2772 918 2844 in
936 2774 1121 2850 conimen·

55 2883 146 2954 tandi
180 2879 329 2969 labore,
364 2883 456 2952 viam
494 2896 615 2954 textus
655 2881 909 2956 emendatione
940 2886 1118 2960 Woifiana

55 3018 160 3091 quum
193 2990 291 3062 bene
315 2991 370 3062 sic¹
390 3006 535 3064 stratam
560 3006 669 3089 atque
694 2989 917 3091 eipl‘anatam
949 3015 1119 3096 expertus

55 3133 171 3180 essem.
189 3104 384 3182 Abstinere
402 3120 567 3205 poteram
585 3108 695 3206 igitur
712 3110 755 3179 ab
777 3114 879 3180 omni
904 3109 1026 3183 labore
1038 3098 1117 3183 'cri-

54 3225 134 3309 tico,
160 3224 210 3292 ita
235 3235 278 3290 ut
305 3222 528 3317 paucissimis
553 3230 695 3294 'tantum
722 3224 761 3292 in
788 3224 877 3294 locis
900 3227 993 3296 vires
1018 3251 1116 3297 meas

10 3342 12 3347 ’
53 3338 265 3433 periclitatus
283 3336 363 3405 sim.

10 3516 12 3529 .
94 3467 276 3561 Praecipua
290 3463 400 3559 igitur
415 3461 482 3534 fuit
501 3489 604 3550 cura,
625 3468 751 3535 seriem
769 3468 1017 3538 continuatam
1036 3494 1116 3540 ora-

10 3558 12 3573 *
53 3581 148 3653 tionis
178 3605 247 3680 per
275 3577 434 3674 singulas
461 3578 716 3677 disputationis
737 3596 857 3678 partes
882 3583 1115 3679 investigare,

52 3719 250 3796 nexumque
274 3696 535 3768 sententiarum
559 3696 670 3766 cuivis
698 3697 849 3767 sectioni
882 3722 1114 3796 praeponere,

52 3809 295 3909 digressiones,
314 3810 360 3881 ad
379 3833 468 3906 quas
488 3809 726 3908 philosophus
744 3810 926 3882 hincinde
943 3811 1060 3912 abripi
1077 3841 1115 3887 se

51 3952 165 4024 passus
179 3949 253 4019 est,
275 3928 470 4024 diligenter
483 3922 694 4014 observ'are,
709 3929 757 3998 ita
774 3943 815 3997 ut
828 3930 970 4022 juvenis
991 3931 1114 4021 lector,

53 4058 147 4144 atque
175 4047 336 4120 necdum
372 4045 455 4113 satis
485 4043 700 4113 exercitatus
729 4040 829 4112 filum
856 4044 1116 4140 disquisitionis
