2670 4816
123 335 147 405 6
449 338 617 406 ERASMl
639 339 860 407 EPISTOLA

124 458 248 544 aliquot
271 479 346 520 cum
371 457 431 519 illis
459 457 654 520 familiariter
677 458 793 521 vivere.
815 459 957 521 Tantum
984 457 1111 523 fructus
1140 484 1194 524 me

125 561 211 626 sensi
226 561 405 650 percepisse
422 584 460 625 ex
478 562 529 624 his
551 562 640 626 libris
659 562 796 644 relictis,
821 586 889 627 non
907 579 1034 628 tantum
1056 564 1101 627 ob
1119 565 1199 652 styli¹

124 668 308 756 rubiginem
321 668 567 758 abstergendam
581 668 790 756 (quamquam
808 670 873 733 hoc
891 692 1024 757 quoque
1041 670 1194 734 nonnihil

127 790 191 854 est,
209 796 282 837 meo
309 772 441 861 quidem
460 771 613 860 judicio);
632 797 745 838 verum
768 774 873 838 multo
898 776 999 863 magis
1024 776 1068 838 ob
1091 776 1194 839 animi

88 864 91 868 ⁵
126 880 317 970 cupiditates
334 879 547 944 moderandas
573 879 855 968 refrenandasque.
870 882 1018 964 ,Quoties
1041 882 1128 946 inter
1146 883 1195 946 le·

127 986 270 1075 gendum
287 986 484 1072 exspuebam
501 987 535 1048 in
556 986 690 1051 stolidos
708 988 805 1068 istos,
819 988 876 1074 qui
892 988 926 1050 in
939 988 1097 1051 Cicerone
1112 988 1196 1050 nihil

125 1093 313 1181 praeclarum
333 1115 401 1156 esse
417 1090 566 1157 dictitant
582 1110 697 1180 praeter
713 1093 886 1157 verborum
903 1093 1064 1181 phaleras!
1083 1095 1194 1176 Quam

126 1200 190 1263 illic
208 1216 256 1263 est
274 1199 359 1261 varia
381 1199 476 1262 lectio
496 1199 717 1282 voluminum,
741 1223 812 1287 quae
829 1198 1005 1264 doctissimi
1025 1199 1130 1264 Graeci
1153 1200 1196 1264 de

127 1321 214 1369 recte
238 1305 396 1391 beateque
419 1304 558 1369 vivendo
581 1306 800 1394 reliquerunt!
829 1306 960 1388 Quanta
979 1306 1046 1370 vis!
1071 1323 1196 1392 quanta

128 1411 220 1497 copia
244 1408 422 1474 salubrium
445 1427 477 1473 et
499 1411 776 1475 sanctissimorum
797 1413 1053 1499 praeceptorum!
1072 1429 1197 1497 quanta

128 1514 289 1602 cognitio,
302 1530 485 1601 quantaque
502 1515 657 1578 memoria
674 1515 849 1604 priscarum
863 1516 960 1579 simul
971 1532 1004 1579 et
1014 1517 1196 1579 recentium

127 1620 353 1684 historiarum!
375 1621 460 1685 Tum
477 1636 601 1701 autem,
622 1642 718 1707 quarn
739 1620 808 1683 altae
826 1620 1036 1708 cogitationes
1059 1619 1100 1685 de
1121 1645 1196 1686 vera

129 1725 271 1789 hominis
290 1725 459 1788 felicitate!
479 1747 550 1810 quae
570 1725 665 1811 plane
687 1724 851 1789 declarant
872 1725 963 1788 illum
985 1725 1050 1789 hoc
1075 1726 1196 1814 egisse,

59 1875 64 1889 ,
130 1830 220 1918 quod
247 1829 392 1895 docebat.
423 1829 492 1891 lam
518 1851 595 1892 vero
620 1828 654 1891 in
681 1829 876 1916 explicandis
906 1831 1003 1894 rebus
1032 1830 1150 1917 procul
1179 1855 1198 1896 a

129 1936 297 2000 communi
323 1957 419 1999 sensu
448 1957 485 1997 ac
514 1956 662 1997 sermone
689 1935 839 2021 populari
868 1935 1019 2017 semotis,
1048 1959 1199 2024 quasque

131 2040 225 2105 multi
241 2040 455 2129 desperabant
472 2062 605 2102 romana
625 2039 735 2127 lingua
750 2040 878 2103 tractari
895 2062 1097 2127 posse„quae
1120 2062 1199 2129 per·

131 2146 301 2235 spicuitas,
318 2146 375 2234 qui
393 2143 525 2225 candor,
542 2166 613 2230 quae
629 2143 778 2226 facilitas,
799 2167 871 2231 quae
888 2146 997 2232 copia,
1013 2168 1086 2232 quae
1101 2145 1199 2210 deni-

131 2276 194 2340 que
212 2252 382 2316 festivitas!
401 2249 659 2337 Philosophiam,
676 2272 747 2335 quae
762 2249 904 2337 primum
920 2251 955 2313 in
970 2273 1079 2315 rerum
1097 2269 1200 2317 natu·

131 2358 246 2420 mlium
265 2355 537 2443 contemplatione
551 2371 723 2442 occupata,
735 2356 848 2443 procul
866 2357 976 2420 aberat
993 2379 1011 2419 a
1026 2356 1092 2421 vita
1107 2380 1201 2445 com·

131 2463 242 2544 muni,
266 2463 411 2553 Socrates
435 2463 559 2549 primus
590 2461 624 2523 in
654 2477 753 2524 terras
775 2477 872 2547 atque
898 2462 994 2526 etiam
1019 2463 1055 2525 in
1079 2461 1200 2529 domos

131 2557 301 2641 deduxisse
316 2568 442 2656 legitur.
458 2568 549 2630 Plato
566 2583 598 2630 et
613 2566 798 2631 Aristoteles
814 2568 921 2631 conati
937 2583 1014 2631 sunt
1026 2591 1097 2632 eam
1115 2554 1148 2634 et
1163 2572 1198 2635 in

99 2731 106 2741 .,
130 2676 218 2738 aulas
229 2696 370 2762 regum,
388 2690 420 2737 et
437 2674 471 2736 in
494 2689 659 2755 senatum,
688 2690 721 2737 et
742 2674 776 2736 in
795 2673 863 2760 ipsa
882 2674 1055 2738 tn'bunalia
1071 2676 1201 2764 produ·

131 2803 214 2846 cere.
240 2781 296 2852 M„
311 2801 388 2843 vero
411 2779 535 2842 Tullius
556 2778 636 2842 mihi
658 2779 785 2844 videtur
803 2802 873 2842 eam
892 2780 988 2843 etiam
1008 2781 1042 2843 in
1064 2804 1200 2868 prosce-

130 2887 224 2951 nium
240 2883 445 2972 perduxisse,
462 2885 555 2965 cujus
572 2907 670 2973 opera
687 2885 732 2949 sio
749 2885 841 2972 loqui
861 2883 992 2967 didicit,
1015 2900 1051 2948 ut
1072 2889 1201 2973 promi-

130 3015 250 3060 scuum¹
262 2990 358 3054 etiam
375 2990 491 3079 vulgus
508 2991 609 3078 possit
621 2990 824 3078 applaudere.
840 2991 946 3078 Atque
957 2989 1055 3071 hujus
1070 2982 1201 3080 generis

130 3114 197 3162 tam
217 3097 337 3160 multos
355 3096 454 3160 libros
473 3095 599 3182 scripsit
616 3096 666 3158 vir
682 3095 735 3159 ille
756 3094 951 3161 difficillimis
976 3098 1200 3184 temporibus,

90 3196 91 3199 ¹
130 3224 325 3289 summoque
348 3201 531 3289 reipublicae
554 3196 716 3282 tumultu,
739 3201 901 3287 quosdam
922 3203 1018 3266 etiam
1040 3204 1139 3268 rebus
1164 3205 1200 3268 in

131 3330 291 3372 summam
314 3305 746 3395 desperationemadductis.
770 3308 814 3371 Et
835 3329 902 3370 non
928 3308 1031 3396 pudet
1052 3330 1112 3373 uos
1136 3332 1201 3373 no·

130 3432 269 3479 strarum
285 3413 584 3478 confabulationum
599 3432 695 3501 atque
712 3412 957 3477 conviviorum!
972 3437 1075 3500 quum
1090 3413 1202 3478 videa·

69 3534 71 3540 ’
130 3542 203 3583 mus
232 3519 381 3583 homines
406 3519 552 3582 ethnicos
581 3536 646 3582 tam
674 3519 792 3582 sanctis
814 3518 1145 3583 commentationibus
1168 3537 1202 3584 et

131 3615 252 3705 otium,
272 3621 363 3711 quod
383 3622 479 3686 dabat
496 3625 679 3713 reipublicae
699 3623 877 3705 calamitas,
904 3625 1112 3713 transegisse,
1139 3647 1201 3688 uec

90 3803 93 3827 ἶ
130 3732 171 3794 ab
189 3730 304 3816 ineptis
321 3730 540 3823 voluptatibus
559 3731 741 3817 quaesivisse
761 3730 878 3794 mentis
900 3745 1125 3811 avocamenta,
1142 3729 1202 3793 sed

129 3859 148 3899 a
174 3835 382 3899 sanctissimis
411 3836 623 3924 philosophiae
653 3836 818 3924 praeceptis
848 3835 978 3923 petiisse
1004 3834 1199 3897 remedium.

131 3939 221 4022 Quid
241 3939 309 4002 aliis
330 3940 468 4018 accidat,
488 3941 620 4006 nescio:
647 3933 698 4005 me
717 3942 876 4031 legentem
896 3942 941 4004 sic
965 3939 1091 4005 afficere
1115 3940 1200 4003 solet

129 4047 175 4110 M.
190 4045 332 4127 Tullius,
347 4049 523 4133 pracsertim
540 4048 653 4114 ubido
671 4047 908 4114 benevivendo
926 4046 1069 4128 disserit,
1084 4060 1123 4110 ut
1140 4044 1201 4109 du·
1231 4074 1232 4077 ¹
