2670 4816
142 347 145 351 ·
207 352 253 445 xij
522 354 950 424 novientensis

205 513 338 584 nempe
359 513 440 584 707,
461 487 667 584 designatus
686 487 812 560 fuerat.
835 496 934 560 Inter
956 514 1020 587 sua
1040 514 1120 586 quae
1139 514 1280 561 memo-

204 629 260 683 rat
279 616 410 684 Noster
432 612 488 682 his
510 616 547 682 in
567 612 667 683 libris
686 638 815 711 opera,
834 614 933 684 solus
951 613 997 685 de
1017 614 1216 711 Republica
1237 615 1280 685 li·

204 735 271 806 ber
297 736 357 832 (de
380 761 455 832 quo
469 736 539 806 vid.
556 741 617 823 IV,
643 737 675 831 1)
692 737 766 832 jam
785 737 927 834 aliquot
948 752 1033 808 ante
1059 764 1174 808 annos
1197 742 1281 809 scri-

207 876 291 957 ptus
313 858 450 946 fuerat,
477 855 611 958 nempe
635 885 731 931 anno
749 865 872 931 Romae
889 862 962 957 699
984 888 992 929 :
1021 876 1137 932 cetera
1158 877 1281 932 autem

205 987 327 1054 omnia
353 1006 485 1080 opera,
502 1008 584 1080 quae
607 983 663 1054 his
685 985 722 1053 in
743 984 844 1055 libris
865 987 1033 1069 citantur,
1058 985 1131 1055 scil.
1148 989 1289 1086 Conso-s

207 1107 309 1193 latio,
326 1111 360 1193 l,
384 1133 443 1203 27,
467 1110 541 1188 Ill,
567 1107 631 1193 283
656 1108 871 1177 Hortensius
897 1121 934 1177 et
958 1107 1161 1178 Academici
1182 1106 1283 1194 libri,

207 1236 255 1316 Il,
278 1257 318 1316 ᾳ,
342 1255 441 1299 anno
462 1229 531 1326 708
558 1229 655 1301 edita
679 1232 784 1319 sunt3
805 1230 888 1301 libri
912 1230 957 1301 de
982 1230 1132 1301 Finibus
1156 1256 1280 1301 mense

107 1366 109 1371 ’
130 1365 137 1379 ’
159 1396 161 1400 -
205 1353 323 1426 sextili
338 1353 499 1448 ejusdem
515 1356 600 1423 anni
616 1356 654 1425 in
669 1349 786 1426 lucem
804 1354 1044 1452 prodiderunt
1055 1354 1142 1450 (vid.
1157 1333 1280 1450 super.
1307 1421 1311 1429 .

205 1477 398 1548 voluminis
416 1475 551 1575 praesat.
574 1502 609 1574 p.
634 1504 667 1574 7,
694 1480 758 1572 8);
787 1477 884 1548 unde
913 1477 1281 1575 colligiturultimam

204 1599 455 1687 Tusculanam,
473 1604 511 1669 in
530 1625 601 1696 qua
620 1599 659 1669 hi
675 1598 758 1669 libri
773 1603 941 1687 citantur,
959 1599 1160 1698 posthunc
1179 1611 1282 1671 men'-

45 1776 50 1785 -
92 1759 94 1763 >
206 1749 282 1797 sem
299 1723 460 1820 elapsum
483 1726 722 1820 compositam
739 1721 862 1793 luisse.
881 1729 926 1794 Et
941 1748 1058 1819 quum
1077 1722 1147 1793 sub
1166 1722 1280 1794 finem

206 1851 340 1920 mensis
367 1846 580 1944 septembris
606 1862 744 1918 certum
775 1849 821 1918 sit
848 1845 1133 1944 triumphantem
1158 1851 1283 1916 Romae

206 1972 352 2044 rediisse
390 1970 604 2041 dictatorem
639 1995 683 2040 ex
719 1972 906 2066 Hispania,
936 1970 1084 2040 devictis
1117 1973 1281 2068 Pompeii

207 2096 306 2182 filiis,
331 2119 456 2166 mense
488 2093 631 2165 octobri
661 2118 680 2163 a
712 2099 846 2166 Nostro
884 2109 1022 2164 oratam
1057 2092 1167 2164 fuisse
1196 2120 1281 2166 cau-

166 2248 180 2296 .·
207 2245 281 2291 sam
300 2221 393 2315 regis
414 2218 596 2313 Dejotari,
614 2240 680 2286 nec
699 2215 815 2286 multo
834 2231 917 2313 post
936 2218 1110 2286 Nostrum
1131 2215 1177 2286 ab
1201 2219 1280 2313 ipso

205 2339 341 2416 Caesare
358 2343 397 2411 in
409 2339 614 2428 Tusculano
635 2363 702 2411 suo
717 2340 898 2410 visitatum
916 2337 1025 2411 fuisse
1040 2340 1137 2436 (vide
1149 2339 1192 2411 ad
1206 2346 1278 2412 Att.

206 2472 311 2554 XIII,
334 2462 499 2562 passim);
521 2460 693 2557 conjicias
713 2486 860 2534 necesse
879 2477 933 2533 est
955 2464 1078 2533 omnia
1100 2462 1175 2533 haec
1195 2488 1279 2533 cau-

141 2565 144 2575 .
207 2615 261 2662 sas
280 2587 441 2660 attulisse
458 2587 623 2658 Ciceroni
636 2587 929 2684 interrumpendi
943 2590 1080 2684 operis,
1099 2589 1147 2656 ita
1161 2587 1281 2657 uthos

207 2714 253 2786 ad
276 2712 388 2784 libros
408 2711 632 2783 Tusculanos
658 2736 696 2782 se
721 2711 883 2808 recipere
908 2736 984 2781 non
1010 2714 1172 2808 potuerit
1196 2726 1281 2782 ante

207 2860 345 2910 annum
372 2859 443 2932 709
465 2836 671 2921 ineuntem,
690 2857 757 2905 nec
783 2859 846 2904 eos
872 2835 1022 2904 omnino
1048 2833 1224 2933 perficere
1245 2851 1281 2907 et

205 2960 419 3047 absolvere,
460 2971 656 3053 antequam
693 2938 867 3029 Caesarem
908 2955 1139 3028 interfectum
1177 2958 1280 3031 audi·

208 3085 328 3180 verit(
354 3083 378 3176 ).

256 3208 430 3304 Pleraque
464 3230 576 3304 opera
608 3205 881 3303 philosophica,
914 3205 1048 3304 quibus
1082 3205 1281 3278 scribendis

206 3336 320 3404 otIum
334 3335 465 3405 Noster
478 3328 731 3428 impendebat,
751 3329 885 3427 scripta
898 3327 1047 3400 fuerunt
1065 3329 1132 3401 hac
1147 3331 1185 3398 in
1202 3331 1281 3428 ipsa

203 3456 288 3527 villa
298 3455 515 3541 Tusculana,
533 3478 614 3550 quae
627 3453 732 3524 Sullae
745 3453 831 3523 olim
842 3453 945 3548 (Plio.
959 3457 1081 3540 XXII,
1095 3451 1133 3548 6)
1146 3451 1280 3538 fuerat,

205 3580 254 3651 ob
273 3579 309 3649 id
324 3578 526 3650 Tusculana
542 3576 656 3662 dicta,
676 3576 777 3675 quod
792 3578 908 3647 vicina
923 3591 998 3647 erat
1007 3576 1162 3647 Tusculi.
1177 3583 1280 3647 Hanc

152 3732 161 3749 ·
205 3707 242 3775 in
257 3704 398 3791 villam,
414 3704 501 3775 dum
515 3701 643 3773 silebat
657 3700 795 3787 sorum,
810 3717 846 3772 et
861 3706 985 3772 omnia
999 3703 1107 3772 unius
1123 3706 1160 3771 in
1182 3719 1282 3800 pote·

201 3842 293 3897 state
315 3841 434 3910 erant,
457 3824 725 3897 conveniebant
747 3826 932 3896 Ciceronis
960 3821 1171 3911 familiares,
1197 3830 1277 3895 Hir-

239 3976 282 4055 (1)
299 3982 369 4036 Haec
380 3997 417 4034 ex
432 3974 592 4036 doctissimi
606 3981 673 4035 ΙΝ.
687 3979 801 4032 Leclerc
813 3975 984 4054 praelatione
995 3975 1277 4036 adTusculauarum

202 4084 403 4157 Quaestionum
417 4084 581 4141 versionem
597 4080 750 4158 desumpta
763 4095 793 4140 et
807 4100 948 4141 conversa
961 4094 1039 4140 sunt.
