2670 4816
15 453 17 456 Α
125 355 182 450 xvj
447 337 893 426 101111110111

125 513 213 560 vero
246 488 324 561 illas
358 489 491 561 frustra
525 473 788 592 exspdctasset,
826 488 890 559 has
924 514 1094 587 quoque,
1131 515 1202 575 ue,

110 610 422 701 <credo,¹Bentleii
440 611 544 686 labor
562 613 640 697 sine
666 612 726 683 illa
751 615 958 684 accessione
979 637 1131 685 mancus
1150 615 1203 683 vi-

73 827 75 830 ,
126 733 285 823 deretur,
308 760 424 832 quum
442 737 479 806 in
495 735 562 806 hac
580 735 757 821 secunda,
772 751 850 807 tum
870 739 908 806 in
933 733 1036 807 tertia
1052 751 1201 836 praetere

126 864 238 934 misit.
267 865 323 934 De
348 863 452 933 novis
472 860 641 933 subsidiis
663 864 812 951 criticis,
841 888 923 960 quae
952 879 1202 951 accesserant,
1238 860 1244 866 ”

126 984 198 1062 vid.
218 982 353 1083 praefat.
372 983 417 1056 ad
438 982 586 1056 secund.
692 983 694 989 ⁸

173 1110 367 1182 «Tertium
387 1106 500 1179 edidit
517 1106 586 1179 hos
604 1107 719 1179 libros
738 1107 921 1204 an.1730,
942 1110 1202 1207 inscripsitque

49 1324 51 1329 ⁴
126 1237 234 1306 Μ.·Τ.»
248 1233 321 1304 Cic.
335 1230 479 1302 Tuscul.
500 1233 628 1329 Dispp.
647 1246 716 1302 etc.
736 1231 857 1302 Editio
877 1233 982 1303 tertia
1002 1233 1142 1303 auctior
1164 1246 1201 1302 et

128 1355 364 1443 emendatior,
384 1354 520 1427 ibidem
540 1368 576 1425 et
595 1354 694 1453 apud
713 1355 896 1427 eumdem.
921 1362 1004 1427 Haec
1021 1358 1124 1452 quasi
1140 1381 1202 1426 vo-

28 1529 31 1533 >
128 1480 250 1551 luntas
276 1477 487 1549 moribundi
520 1478 652 1548 Davisii
686 1492 750 1549 est.
789 1478 913 1549 Multae
950 1478 1126 1551 lectiones
1157 1505 1202 1549 ex

128 1603 213 1676 edit.
226 1628 282 1702 pr.
305 1616 478 1675 revocatae
495 1617 598 1689 sunt,
623 1600 743 1677 multae
764 1602 983 1673 Bentleianae
1003 1602 1143 1697 ejectae,
1166 1619 1202 1674 et

11 1784 13 1788 a
130 1752 211 1824 quae
245 1739 398 1823 receptae
432 1738 534 1811 sunt,
565 1747 688 1795 earum
721 1721 796 1794 sere
827 1728 919 1795 ratio
951 1723 1094 1796 reddita
1120 1739 1200 1812 est,

37 1870 40 1875 ·
129 1846 252 1919 multae
268 1871 370 1918 novae
387 1870 408 1916 a
425 1847 530 1916 novis
550 1846 627 1916 istis
646 1843 814 1916 subsidiis
839 1844 1026 1944 profectae,
1052 1847 1097 1917 de
1119 1849 1202 1945 qui-

130 1970 202 2043 hus
221 1970 290 2043 vid.
316 1968 450 2069 praefat.
474 1968 519 2040 ad
542 1983 622 2040 tert.
645 1969 869 2040 Permultum
894 1973 1017 2067 itaque
1040 1975 1203 2043 recensio

76 2154 80 2158 Α
129 2099 207 2171 baec
228 2125 249 2171 a
270 2098 453 2197 prioribus
476 2095 766 2168 duabusdifiert.
789 2097 844 2168 Ad
868 2101 1122 2171 annotationes
1139 2125 1202 2170 au·

131 2237 205 2294 tem
226 2213 327 2320 quod
346 2227 493 2310 attinet,
508 2223 538 2292 si
555 2246 614 2292 eas
630 2223 780 2320 excipis,
794 2246 874 2320 quae
889 2222 935 2293 ad
950 2225 1203 2295 recensionem

130 2371 263 2417 novam
276 2347 477 2444 pertinent,
497 2345 645 2441 reliquae
661 2369 808 2433 omnes,
827 2360 869 2416 ut
889 2346 928 2416 in
950 2347 1109 2418 secunda
1122 2372 1202 2418 mu·
1238 2427 1240 2433 ¹

114 2481 213 2538 ,tatae
235 2482 336 2554 sunt,
361 2469 409 2538 ita
430 2469 468 2537 in
495 2468 599 2538 tertia
624 2482 711 2552 sunt
733 2482 904 2539 retentae:
933 2494 1017 2540 nam
1038 2495 1119 2568 quae
1142 2485 1205 2542 aut

130 2590 252 2664 addita
270 2607 373 2678 sunt,
397 2605 460 2661 aut
481 2589 668 2688 adempta,
686 2591 787 2688 parvi
806 2616 897 2673 sane
924 2593 1101 2663 momenti
1128 2616 1204 2663 esse

132 2715 312 2787 videntur.
372 2807 376 2815 .

181 2836 347 2929 «Quarta
365 2853 479 2910 exstat
499 2837 631 2910 borum
655 2819 833 2910 librorum
852 2837 968 2916 ‘editio
988 2862 1073 2908 ann.
1093 2835 1203 2934 1738,

49 3027 54 3032 .
133 2958 269 3036 ibidem
288 2963 432 3062 vulgata
454 2977 490 3033 et
512 2960 609 3059 apud
635 2961 813 3032 eumdem.
845 2962 951 3050 Quae,
983 2983 1206 3056 quamquam

131 3087 315 3187 inprimis
338 3085 476 3157 laudari
501 3085 612 3169 solet,
632 3098 668 3154 et
686 3108 771 3154 sane
794 3084 947 3180 repetita
966 3096 1019 3152 est
1039 3105 1082 3151 ex
1100 3084 1206 3150 tertia

131 3211 316 3310 habetque
337 3209 524 3306 adjunctas
544 3205 823 3278 Emendationes
838 3204 1090 3291 -Bentleianas;
1116 3218 1205 3273 atta-

132 3360 216 3406 men
244 3348 299 3404 tot
327 3316 466 3404 mendis
493 3329 762 3428 typographicis
793 3341 925 3416 scatet,
954 3341 995 3397 ut
1020 3326 1205 3398 interdum

134 3461 247 3531 totius
265 3457 335 3529 loci
355 3434 461 3526 mensi
475 3478 623 3553 prorsus
646 3453 804 3525 tollatur.
825 3453 919 3524 Scito
938 3466 1079 3535 autem,
1101 3450 1205 3547 quid-

22 3637 25 3643 .
132 3579 223 3679 quid
244 3580 518 3650 Davisianorum
540 3575 716 3648 librorum
733 3589 817 3672 post
834 3599 918 3645 ann.
942 3572 1206 3670 1730117111-

135 3729 216 3776 sum
243 3718 313 3787 est,
345 3701 383 3772 id
414 3700 530 3772 aliena
560 3723 645 3768 cura
675 3697 1079 3794 ρ1οι11111111111111111
1109 3699 1207 3767 enim

133 3851 218 3896 ann.
238 3822 324 3920 1731
346 3846 557 3919 supremum
580 3820 676 3891 diem
697 3819 798 3891 obiit.

183 3953 377 4020 «Ceterum
398 3947 562 4018 Davisius
586 3967 708 4031 suam,
728 3967 800 4039 qua
830 3941 992 4037 reliquos
1021 3944 1208 4012 Ciceronis

133 4073 247 4146 libros
269 4073 453 4159 tractavit,
473 4071 665 4154 rationem,
684 4069 724 4138 in
740 4065 951 4139 Tusculanis
967 4062 1117 4137 edendis
1131 4090 1207 4141 non
