2670 4816
461 347 731 417 usurario.
898 422 906 436 ,
1076 345 1139 415 nx
1215 313 1217 327 '

62 483 195 554 borum
203 452 282 553 VV.
293 485 373 553 DD.
389 482 584 554 auotoritas
593 482 697 580 operi
707 493 834 552 nostro
847 475 1137 551 commendando
1268 462 1271 467 ⁸

62 605 256 694 defuissem
274 629 351 676 non
373 605 452 677 sine
472 602 670 689 desiderio,
690 601 791 702 quod
809 601 869 675 bic
884 601 1042 673 nimium
1060 626 1138 673 ver·

62 732 196 804 borum
218 755 350 830 parcus
369 755 521 803 suorum
545 729 769 827 judiciorum
795 730 910 801 rarius
933 726 1062 801 reddat
1081 750 1137 800 ra-

63 859 225 943 tionem,
241 854 344 953 quod
363 854 441 943 ille,
458 856 525 952 qui
545 869 621 926 tam
642 853 738 928 bene
759 851 805 945 de
826 857 929 924 Tuse.
947 853 1074 950 Dispp.
1089 877 1138 926 ex
1176 884 1180 890 ·
1254 874 1258 884 ·

62 980 230 1050 omnium
243 980 423 1051 sententia
436 979 588 1051 meritus
598 991 664 1066 est,
674 979 739 1076 qui
751 977 996 1049 Ernestianam
1009 973 1138 1050 editio-

61 1126 167 1189 nem,
185 1102 302 1174 nimia
317 1105 534 1174 anctoritate
548 1100 647 1200 apud
660 1101 856 1200 plerosque
869 1097 1084 1197 pollentem,
1099 1099 1139 1168 in
1242 1143 1245 1150 -
1298 1084 1310 1094 ’

63 1224 243 1295 sexcentis
262 1223 352 1294 locis
370 1223 593 1313 emendavit,
611 1239 753 1299 textum
771 1222 1027 1296 tantummodo
1046 1247 1139 1320 pur·

62 1347 219 1443 gaverit,
235 1343 394 1416 necdum
408 1347 557 1443 plenum
579 1345 680 1443 quod
693 1345 935 1435 meditabatur
951 1369 1137 1417 commen-

63 1473 195 1540 tarium
223 1467 391 1540 ediderit.
409 1464 578 1567 Denique
595 1471 653 1540 vel
674 1484 757 1568 post
777 1484 832 1542 tot
850 1484 887 1541 et
906 1482 1025 1539 tantos
1042 1468 1139 1538 viros
1229 1530 1233 1537 .

64 1593 263 1665 nonnullas
292 1591 393 1663 baud
426 1593 713 1666 contemnendas
742 1608 864 1666 textus
895 1593 1160 1665 correctiones
1201 1676 1208 1685 l

63 1717 169 1788 nobis
194 1715 444 1814 suppeditavit
471 1720 515 1787 G.
545 1723 655 1788 Henr.
677 1721 799 1788 Moser
823 1719 862 1786 in
885 1713 1061 1811 opusculo
1087 1715 1139 1786 sic

64 1840 264 1936 inscripto:
285 1835 493 1934 «Symbolae
510 1840 641 1909 critices
659 1838 704 1909 ad
727 1839 865 1936 aliquot
885 1837 1079 1923 Ciceronis,
1092 1835 1137 1907 de

64 1961 215 2032 Finibus
233 1966 423 2033 Bonorum
440 1974 477 2031 et
491 1961 671 2033 Malorum
687 1975 724 2032 et
734 1959 1019 2033 Tusculanarum
1033 1960 1142 2047 Quaei

66 2088 226 2156 stionum
250 2084 355 2155 loca:
378 2081 514 2180 quibus
535 2086 710 2159 Examina
728 2083 874 2183 publica
895 2085 932 2154 in
953 2083 1140 2180 gymnasio

65 2214 164 2308 regio
179 2210 338 2281 Ulmano
356 2232 387 2281 a.
403 2208 438 2278 d.
459 2233 520 2278 xix
541 2224 631 2306 sept.
651 2210 768 2306 etqui
789 2224 990 2306 sequentur
1011 2205 1139 2278 diebus

66 2333 240 2429 proximis
270 2333 340 2403 rite
364 2332 586 2403 instituenda
609 2331 737 2402 indicit
758 2333 939 2427 Georgius
961 2331 1138 2401 Henricus

65 2459 197 2541 Moser,
223 2453 313 2551 phil.
332 2455 430 2526 doct.
454 2469 492 2525 et
512 2478 675 2552 gymnas.
694 2478 767 2551 reg.
792 2451 984 2550 professor.
1004 2451 1136 2538 Ulmae,

66 2603 107 2649 ex
121 2576 270 2650 officina
285 2583 304 2648 J
306 2602 338 2648 o.
355 2578 514 2649 Danielis
526 2577 705 2675 Wagneri.
719 2602 921 2648 unoocxxv.
932 2608 950 2644 s

111 2705 236 2793 Quum
255 2727 342 2773 vero
358 2715 499 2787 tertuS,
515 2701 632 2800 qualis
651 2700 810 2773 aWolfio
828 2704 1046 2773 constitutus
1063 2715 1139 2788 est,

66 2826 137 2899 lere
155 2824 203 2896 ab
223 2824 395 2896 omnibus
413 2825 523 2898 bodie
541 2823 737 2923 probetur,
760 2827 849 2898 utile
866 2827 984 2897 visum
1002 2839 1058 2898 est
1074 2850 1137 2896 ex·

66 2948 222 3020 scribere
242 2947 340 3018 illam
361 2946 580 3047 praelationis
602 2964 768 3046 partem,
798 2975 870 3048 qua
888 2953 966 3047 ipse
987 2949 1138 3047 exponit
1240 2978 1242 2981 ·

65 3073 242 3145 rationem
261 3095 373 3169 quam
388 3072 426 3141 in
444 3071 594 3142 edendis
616 3071 673 3143 bis
691 3071 792 3144 libris
813 3072 996 3145 adhibuit:

59 3216 64 3225 ·
111 3200 294 3282 «Textus,
313 3194 430 3292 qualis
449 3195 559 3292 vulgo
578 3210 649 3284 est,
669 3212 742 3268 tam
766 3197 872 3295 longe
893 3195 994 3268 abest
1014 3220 1033 3265 a
1052 3219 1137 3292 per-

65 3315 158 3390 fecta
184 3317 353 3414 genuinae
378 3317 563 3416 scripturae
589 3306 814 3416 integritate,
847 3334 888 3390 ut
915 3322 952 3389 in
980 3319 1138 3416 optima,

67 3467 145 3538 quae
163 3441 316 3538 quidem
331 3440 441 3512 hodie
459 3440 596 3531 fertur,
618 3441 777 3515 editione
801 3469 895 3542 soepe
915 3444 1054 3540 legatur
1075 3442 1137 3514 de·

66 3567 346 3660 pravatissimus.
365 3566 416 3635 Ac
442 3589 489 3635 ne
515 3566 596 3661 quis
624 3563 717 3637 forte
736 3590 816 3638 eam
843 3567 1138 3666 depravationem

65 3690 194 3760 versari
220 3702 327 3786 putet
360 3689 399 3757 in
429 3686 538 3759 rebus
571 3693 672 3787 parvi
703 3693 901 3778 momenti,
928 3689 974 3762 de
1003 3690 1140 3787 quibus

66 3815 194 3910 tuique
210 3812 258 3883 ad
275 3810 465 3884 libidinem
481 3837 584 3884 snam
600 3830 758 3887 statuere
774 3817 895 3886 liceat:
915 3839 1138 3911 quamquam

67 3939 100 4004 in
121 3936 178 4007 his
200 3935 314 4006 rebus
336 3933 427 4003 nihil
450 3934 518 4006 loci
543 3951 597 4007 est
619 3937 785 4009 libidini:
810 3939 895 4009 vitia
913 3940 1019 4009 etiam
1039 3936 1136 4032 ejus-

67 4059 157 4133 modi
179 4059 359 4145 insident,
383 4057 525 4154 quibus
539 4059 615 4159 ipsa
634 4061 790 4134 latinitas
811 4059 1007 4152 afficiatur,
1035 4061 1143 4154 cujus
