2670 4816
460 359 818 429 PROLEGOMENA.
1148 360 1170 431 3

129 545 1171 570 Wfflmfflfflfflfflmmmwummfflfflmfflfflmvuffl

268 693 335 760 nn
359 691 725 761 nranooonon
749 691 1014 762 rnnsours

405 863 869 953 PRAEMONITIO.

131 1155 155 1253 J
162 1229 171 1249 ·
182 1189 215 1254 V.
229 1188 352 1253 laeclerc
363 1187 443 1253 duas
460 1209 630 1278 personas,
645 1208 725 1275 quas
741 1187 826 1251 inter
844 1187 881 1251 fit
896 1187 1059 1279 dialogus,
1081 1215 1173 1256 com.

131 1295 235 1381 pendiis
259 1298 332 1360 Cic.
359 1312 392 1360 et
418 1297 455 1358 ll.
473 1290 661 1381 designavit.
681 1293 787 1356 Ceteri
808 1310 916 1358 autem
937 1319 1068 1378 omnes,
1091 1322 1173 1385 quos

130 1399 264 1483 vidimus,
289 1400 431 1464 editores
455 1401 529 1464 loco
558 1401 628 1463 th.
653 1398 799 1486 praebent
821 1399 865 1462 Μ.
885 1416 918 1462 et
936 1401 1082 1466 Olivetus
1097 1405 1173 1468 totis

131 1503 210 1569 literis
227 1505 354 1594 scripsit
369 1504 522 1585 Murcus,
547 1504 582 1567 id
606 1519 672 1583 est,
696 1502 827 1566 Marcus
844 1505 968 1568 Tullius
984 1506 1107 1572 Cicero.
1124 1511 1174 1572 De

130 1609 170 1673 his
182 1612 290 1700 signis,
310 1612 429 1700 quibus
446 1612 545 1692 hujus
565 1609 682 1698 dialogi
703 1632 850 1697 personae
873 1627 1045 1694 notantur,
1073 1615 1174 1679 varias

130 1714 294 1781 criticorum
314 1717 455 1780 breviter
477 1716 610 1805 exponit
634 1715 803 1802 opiniones
821 1715 967 1780 Olivetus
988 1719 1022 1780 in
1046 1741 1083 1782 ea
1099 1742 1176 1807 prte-

129 1817 230 1885 fatione
242 1845 313 1909 quae
328 1822 494 1910 sequitur:

163 1927 351 2009 «Quomodo
366 1926 564 1991 inscribendi
585 1927 649 1989 sint
665 1926 698 1988 hi
712 1926 970 1990 Tusculanarum
986 1929 1060 1992 libri
1079 1930 1177 1996 docet

130 2026 281 2096 Turnebus
306 2033 340 2096 in
365 2032 586 2121 fragmentum
609 2029 650 2094 de
667 2032 765 2111 Fato,
787 2053 855 2118 cap.
879 2055 908 2095 2.
925 2032 1053 2121 Dialogi
1071 2034 1176 2099 forma

129 2135 219 2224 scripti
234 2154 311 2202 sunt
326 2139 547 2226 interrogante
559 2159 646 2218 uno,
664 2138 764 2200 altero
776 2137 1004 2224 respondente.
1018 2139 1174 2206 Personas

129 2239 329 2330 colloquentes
357 2241 529 2331 designant
554 2242 588 2304 iu
619 2241 709 2305 libris
739 2240 896 2305 hacteuus
925 2243 1050 2307 excusis
1074 2245 1175 2309 literae

128 2342 163 2409 ll.
184 2350 218 2412 A.
241 2349 275 2411 in
300 2348 420 2437 quibus
443 2346 523 2436 quid
549 2347 606 2428 sit,
631 2363 743 2411 utrum
768 2347 801 2409 in
829 2348 937 2434 priore
960 2348 1108 2432 Morcus,
1133 2374 1174 2415 an

129 2458 273 2540 maginem
291 2455 326 2517 in
340 2454 517 2542 posteriore
526 2455 668 2533 Atticus,
687 2451 880 2536 adolescens,
898 2453 1033 2530 αιιᾱιῖον,
1052 2473 1177 2520 certant

129 2559 244 2641 curiosi;
270 2559 420 2641 modico,
438 2577 475 2624 ut
497 2559 643 2640 videtur,
671 2581 776 2646 operae
799 2559 921 2647 preti03
944 2582 1050 2647 neque
1074 2560 1174 2627 firmis

128 2659 285 2728 admodum
303 2665 511 2752 argumentis.
529 2663 596 2746 Qui
613 2663 779 2744 Marcum,
800 2663 864 2726 hoc
881 2680 945 2746 est,
965 2665 1172 2748 Ciceronem,

129 2785 187 2831 cum
199 2769 306 2833 Attico
317 2769 426 2833 videre
440 2769 680 2855 colloquentem
692 2768 824 2849 volunt,
842 2768 864 2830 ii
877 2792 1022 2857 pugnare
1035 2789 1173 2858 possunt

128 2875 298 2939 auctoritate
315 2873 488 2954 Lactantii,
514 2873 621 2938 Divin.
643 2875 724 2937 Inst.
747 2873 802 2936 lib.
825 2874 856 2954 I,
876 2896 944 2960 cap.
961 2872 1012 2957 15,
1028 2877 1173 2965 itemque

129 2971 283 3043 Eliensium
303 2979 447 3044 duorum
470 2978 638 3060 codicum,
664 3002 746 3066 quos
769 2978 850 3043 vidit
874 2979 1031 3045 Davisius.
1049 2981 1172 3047 Verum

129 3077 171 3143 hic
185 3083 247 3172 ipse
265 3102 298 3150 et
316 3107 451 3149 suorum
469 3084 620 3148 codicum
643 3100 675 3148 et
695 3085 851 3148 Lactantii
871 3086 1094 3149 auctoritatem
1111 3088 1173 3150 ele·

130 3206 203 3270 rans,
226 3192 367 3255 Atticum
391 3191 431 3254 ab
448 3191 498 3254 his
518 3190 651 3278 dialogis
668 3189 818 3254 excludit.
839 3192 985 3255 «Atticus
1002 3192 1108 3273 enim,
1128 3194 1173 3256 iu·

131 3293 222 3378 «quit,
239 3313 311 3359 turn
329 3296 483 3384 temporis
510 3317 609 3358 senex
633 3311 718 3376 erat3
743 3296 869 3374 juvenis
895 3313 1002 3357 autem
1027 3295 1097 3376 ille,
1115 3299 1172 3383 qui

131 3419 211 3462 «tum
228 3402 382 3465 Cicerone
396 3400 584 3488 disputavit,
605 3416 643 3463 ut
660 3415 747 3487 patet
763 3423 801 3463 ex
815 3401 869 3463 lib.
884 3402 936 3480 ΙΙ,
958 3423 1025 3487 cap.
1041 3422 1088 3464 12.
1104 3402 1172 3466 Hac

132 3528 141 3552 r
150 3501 231 3590 igitur
253 3508 360 3587 litera,
387 3506 476 3595 quod
503 3508 598 3571 etiam
624 3506 800 3569 Lambinus
821 3506 920 3587 vidit,
943 3505 1170 3570 adolescentem

132 3605 281 3676 «denotari
297 3629 380 3700 puto
393 3643 417 3676 υ.
444 3616 494 3676 lta
513 3612 670 3675 Davisius.
689 3614 761 3675 Huc
779 3613 853 3674 facit
867 3610 955 3699 quod
971 3613 1012 3691 is,
1036 3613 1169 3698 quicum

133 3704 248 3797 disputat
269 3718 401 3797 Cicero,
427 3733 564 3780 mortem
586 3718 630 3778 ait
649 3739 717 3780 esse
742 3717 873 3779 malurn.
899 3717 997 3778 Secus
1021 3717 1169 3803 Epicurei

132 3821 301 3904 sentiebant,
328 3844 411 3908 quos
436 3823 562 3885 Atticus
589 3822 793 3909 sequebatur.
825 3822 904 3899 Alii,
929 3821 1048 3908 quibus
1070 3825 1171 3911 placet
1222 3833 1237 3867 ⁸

134 3924 244 4009 auditor,
260 3928 412 4018 praesidio
426 3929 546 3992 habent
564 3930 632 4011 haec
652 3952 670 3992 e
689 3929 743 3992 lib.
764 3930 797 4007 l,
815 3951 884 4015 cap.
904 3933 941 4008 4:
959 3930 1105 3993 «Ponere
1122 3933 1172 4011 ju-

134 4025 264 4117 ·bebam,
277 4035 317 4100 de
334 4058 402 4122 quo
419 4036 490 4120 quis
510 4034 621 4099 audire
638 4022 734 4098 vellet
737 4082 791 4099 .....
805 4035 915 4100 Fiebat
934 4053 1041 4098 autem
1057 4036 1117 4116 ita,
1135 4051 1172 4098 ut

1022 4181 1050 4224 Ι.
