2670 4816
451 340 736 414 tnffittttu.
1035 349 1128 443 xxvij

68 482 144 532 tcto
169 459 467 559 mihiptaoennt,
484 465 614 537 meiinn
637 464 798 538 indicare
820 491 988 564 nequeo,
1011 492 1123 565 quein

67 579 222 663 sineatur
238 596 302 648 eus
319 592 470 651 auotorn
496 598 564 653 suo
585 581 715 679 dignas
733 579 870 653 videri:
901 581 1010 678 husius
1024 586 1125 655 onius

66 709 237 762 summan
257 690 502 766 eruditionem
520 718 566 767 an
581 697 719 767 mirum
742 710 893 767 acumen
912 698 1125 769 exosculan-

64 818 118 874 tur
136 822 283 892 omnes,
306 806 375 902 qni
404 828 480 879 non
504 823 592 879 sunt
617 823 681 880 ant
705 807 835 897 invidi,
859 819 922 881 aut
948 807 995 881 ab
1024 809 1124 883 hisee
1183 801 1185 807 ’

65 917 168 990 literis
188 916 307 989 alieni.

450 1083 716 1110 --.θ-..η
723 1094 736 1100 -

97 1205 193 1272 Quum
214 1201 245 1257 in
268 1200 382 1260 duabus
401 1201 611 1280 posterioribus
626 1202 817 1273 editionibus,
838 1205 972 1264 Davisius
986 1207 1125 1285 majorem

65 1296 160 1373 prioris
178 1298 359 1377 praefationis
378 1312 491 1378 partem
513 1301 686 1373 servaverit,
709 1320 743 1360 ea
766 1314 876 1360 tantum
899 1321 935 1359 ex
950 1303 1077 1361 secunda
1096 1317 1125 1360 et

66 1395 140 1453 tertia
150 1390 321 1474 pistatione
332 1395 531 1455 emmibemns
540 1412 608 1475 qua
620 1411 670 1456 aut
680 1396 796 1470 addita,
811 1404 862 1456 aut
874 1406 984 1457 notata
996 1397 1123 1458 dierunt.

135 1566 199 1667 nx
218 1566 519 1641 cincinnus
542 1570 766 1642 succunn
791 1573 1038 1642 comonis.

102 1734 139 1800 t.
168 1735 211 1800 In
238 1729 405 1801 secundae
429 1728 598 1800 editionis
624 1726 855 1828 praesatione‚
887 1746 970 1830 post
988 1731 1121 1804 verba:

60 1843 287 1915 «Editionem
302 1842 617 1942 Rob.Stephani...
632 1850 787 1916 Joannes
804 1844 967 1935 Morus»,
980 1838 1123 1918 addun-

60 1973 113 2028 tur
129 1957 225 2030 haec:

97 2079 204 2177 «flos
217 2074 398 2157 Eliensem
412 2075 572 2173 primum
587 2098 631 2146 ac
648 2074 846 2148 secundnm
860 2073 1057 2147 nominavi.
1074 2074 1123 2148 lis

58 2213 148 2279 nuuc
169 2186 318 2262 accessit
339 2187 389 2261 ob
416 2184 550 2263 eadem
564 2213 674 2260 mauu
696 2191 825 2261 tertius
847 2192 885 2260 in
905 2215 1122 2290 pergamena

58 2305 220 2402 scriptus.
237 2304 337 2397 Q'nin
357 2318 394 2377 et
407 2318 538 2407 pentec
554 2304 713 2391 Etienses
728 2298 810 2376 ilios
824 2328 911 2376 usus
925 2329 1005 2377 snm
1021 2303 1121 2376 codi-

56 2422 150 2494 cibus
172 2434 343 2518 quatuor‚
362 2443 456 2517 quos
475 2419 544 2490 viri
563 2418 760 2491 doctissimi
769 2416 926 2491 Thomas
942 2410 1120 2508 Balterns,

55 2537 205 2610 Thomas
225 2533 410 2607 Stultesins
426 2548 464 2606 et
478 2533 659 2633 Josephus
672 2530 830 2605 Wassius
849 2558 993 2606 mecum
1014 2527 1118 2606 beni·

54 2675 116 2748 gne
132 2650 453 2725 communicarunt
465 2647 555 2745 (tis.

96 2763 134 2837 B.
161 2769 207 2839 In
234 2760 414 2852 secunda,
446 2776 529 2861 post
560 2761 696 2834 verba:
721 2760 985 2860 «Plerosque...
1003 2765 1118 2835 conti·

54 2880 140 2976 git»,
163 2893 201 2951 et
215 2903 285 2978 pro
299 2877 343 2949 iis
360 2902 440 2975 quse
459 2891 677 2974 sequuntur,
696 2876 848 2974 legitur:

95 2994 214 3067 «Fieri
228 3006 405 3090 potestat
420 2991 579 3078 mireris,
594 2989 693 3088 quod
707 2994 747 3062 in
763 2989 862 3063 hisce
876 2990 973 3063 notis
987 2988 1119 3088 passim

54 3106 188 3183 dicatur
207 3108 311 3179 locus
328 3106 379 3178 sic
398 3105 509 3203 vulgo
529 3105 616 3203 legi,
639 3131 755 3203 quum
776 3121 895 3176 tamen
921 3098 1019 3175 nulia
1042 3124 1120 3175 mu«
1208 3098 1211 3103 ’

54 3225 193 3296 tationis
212 3220 355 3295 reddita
374 3222 419 3292 sit
440 3223 543 3292 ratio.
569 3224 659 3292 Rem
685 3220 794 3317 igitur
822 3216 872 3291 sic
893 3214 998 3289 habe.
1028 3214 1119 3290 Meis

54 3341 141 3410 notis
178 3335 352 3409 omnibus
385 3335 496 3434 praelo
526 3335 677 3433 paratis,
712 3336 960 3405 recensionem
996 3356 1120 3419 suam,

54 3479 155 3551 quam
176 3452 395 3558 pierumque
415 3477 560 3549 sequor,
576 3451 666 3520 mihi
688 3453 726 3521 in
750 3474 878 3521 manus
896 3444 1044 3520 tradidit
1063 3474 1120 3520 ce·

55 3567 262 3642 iebecrimus
278 3566 479 3640 Richacdus
492 3558 694 3655 Bentleins3
719 3589 916 3662 secumque
934 3562 1059 3635 statuit
1079 3560 1118 3635 in

55 3680 421 3756 animadversionibus
438 3679 524 3751 huic
542 3681 637 3753 libro
656 3676 895 3777 adjungendis
912 3671 1119 3762 ostendere,

53 3801 179 3897 quibus
192 3798 444 3871 fundamentis
465 3800 554 3868 nixae
575 3799 646 3869 sint
664 3795 936 3868 emendationes
955 3818 1035 3865 suae.
1049 3792 1120 3864 Sed

56 3935 159 4005 quum
180 3909 447 3982 eruditissimus
469 3907 528 3979 ille
552 3907 607 3977 vic
628 3907 751 3978 multis
778 3898 932 4001 negotiis
958 3903 1049 3975 adeo
1073 3904 1118 3995 sit

90 4088 126 4168 (1)
146 4089 218 4149 Vide
230 4088 309 4148 inira
320 4080 422 4160 (lind)
437 4100 499 4161 qun
513 4085 542 4144 in
559 4086 642 4144 tertia
658 4082 769 4178 praefat.
782 4080 937 4183 adduntur.
1043 4106 1046 4111 ·
1077 4084 1081 4089 '
