2670 4816
124 363 1041 390 mmmmmmmmmmmfflmfflfflffl
1046 365 1089 386 w}
1094 366 1185 387 mm

223 601 380 689 Novi
413 598 707 738 uniamus
741 598 1082 689 ranulam.

531 833 772 861 ..Φ-

130 978 356 1177 Parusoulqr
375 1047 486 1142 hujus
508 1059 643 1118 nostrae
670 1040 841 1117 editionis
860 1049 1039 1120 rationem
1060 1045 1250 1126 redda-

132 1199 221 1262 mus,
247 1124 362 1270 pauca
387 1167 622 1269 praefabimur
644 1167 722 1239 de
712 1169 827 1266 ipsius
853 1173 976 1268 operis
994 1175 1129 1270 pretio,
1156 1191 1193 1248 et

130 1297 209 1370 de
189 1323 229 1368 us
254 1322 336 1394 quae
361 1293 408 1366 ad
426 1310 573 1392 tempus
590 1306 627 1364 et
645 1293 786 1382 locum,
779 1290 944 1394 quibus
965 1297 1090 1394 scripti
1108 1313 1194 1370 sunt

128 1421 274 1510 bilibri,
294 1421 491 1520 pertinent.

171 1550 197 1614 Ι.
220 1548 298 1614 Jam
329 1557 386 1614 tot
413 1555 451 1613 et
478 1554 579 1611 tanta
610 1554 695 1611 sunt
727 1539 773 1611 de
800 1539 858 1612 bis
883 1538 986 1613 libris
1006 1545 1082 1617 VV.
1113 1547 1192 1614 DD

128 1668 338 1756 testimonia,
360 1680 402 1738 ut
417 1686 728 1763 supervacaneum
744 1667 790 1735 sit
805 1663 943 1762 aliquid
957 1665 1053 1738 velle
1067 1691 1196 1740 eorum

128 1791 287 1864 laudibus
304 1791 351 1862 de
367 1803 494 1861 nostro
513 1787 658 1860 addere.
673 1789 765 1860 Satis
776 1788 893 1858 visum
910 1786 979 1859 fuit
992 1790 1196 1863 exscribere

135 1939 202 1986 eam
220 1912 429 2012 epistolam,
457 1913 497 1981 in
518 1934 592 2008 qua
608 1915 779 1982 Erasmus
800 1909 845 1981 ad
861 1915 1039 1982 loannem
1057 1913 1196 1988 Ulatte-
1238 1902 1257 1919 Ἀ

132 2063 212 2108 num
228 2037 273 2109 de
293 2061 359 2108 sua
375 2037 415 2106 in
426 2035 638 2106 Tusculanis
652 2032 803 2106 edendis
827 2033 943 2132 (Basil
961 2033 1068 2132 1523)
1086 2061 1198 2135 opera

133 2161 303 2248 scribens,
323 2161 393 2231 hos
413 2158 528 2230 libros
546 2158 637 2229 adeo
657 2157 890 2230 commendat
913 2172 950 2230 et
968 2160 1131 2250 miratur,
1157 2178 1199 2252 ut

134 2270 235 2345 lerme
253 2270 410 2343 affirmet
428 2265 641 2340 «auctorem
665 2267 764 2366 apud
787 2291 940 2365 superos
963 2271 1122 2366 quietam
1144 2272 1199 2340 vi-

135 2407 198 2464 tam
215 2420 320 2494 agere
329 2425 357 2464 ιι.
377 2391 485 2491 (Vide
504 2389 620 2479 infra,
641 2406 726 2489 post
748 2388 995 2488 praefationes,
1018 2414 1098 2490 pag.
1121 2390 1141 2463 5
1161 2407 1199 2465 et
1317 2422 1320 2431 ·

140 2538 224 2614 seqq.
244 2515 343 2594 illam
363 2514 503 2586 Erasmi
523 2511 742 2611 epistolam.)
759 2512 936 2585 Nonnulli
954 2516 1200 2589 Ciceronianae

139 2637 361 2738 philosophiae
389 2636 625 2709 admiratores
647 2636 705 2707 vel
728 2635 873 2734 longius
895 2638 1077 2736 progressi
1095 2657 1201 2729 sunt3
1273 2713 1275 2718 a

141 2786 218 2858 quos
242 2766 339 2835 inter
359 2767 554 2849 Latomus,
583 2763 613 2831 si
631 2761 761 2832 Vossio
787 2760 895 2848 (Hist.
925 2761 1042 2860 Pelag.
1068 2765 1199 2862 111‚3)

143 2880 233 2956 fidem
246 2884 503 2974 adhibeamus,
519 2908 597 2954 non
612 2882 757 2955 dubitat
772 2907 948 2974 asserere,
962 2889 1202 2986 Xenophonti

144 3010 367 3108 OEceronique
389 3033 467 3079 non
483 3006 588 3079 aliam
605 3005 716 3080 fuisse
733 3031 775 3079 ac
791 3007 999 3080 Abrahamo
1018 3009 1147 3083 fidem:
1168 3029 1204 3084 et

148 3134 267 3206 Probus
284 3137 361 3229 jam
382 3146 490 3205 antea
508 3131 665 3220 dixerat,
692 3145 783 3204 teste
811 3137 937 3230 Lupo,
961 3135 1204 3208 Ferrierarum

148 3253 257 3330 abbate
266 3257 340 3356 (ep.
354 3261 434 3353 ao),
448 3255 632 3327 Ciceronis
641 3254 856 3353 Virgiliique
870 3257 1007 3327 animas
1023 3259 1062 3328 in
1077 3259 1204 3332 caelum

148 3375 235 3454 luisse
256 3378 510 3478 recipiendas,
540 3402 614 3450 «ne
635 3376 789 3467 frustra,
812 3380 953 3475 iuquit,
979 3379 1149 3456 dominus
1166 3391 1202 3456 in

149 3501 267 3578 inferno
291 3506 412 3577 otium
434 3503 574 3574 triverit
588 3533 615 3571 a.

182 3633 256 3702 Haec
274 3631 364 3701 satis
382 3627 457 3698 sint
481 3623 526 3695 de
547 3629 708 3723 ipsarum
729 3650 852 3698 rerum
880 3642 916 3698 et
943 3633 1204 3703 sententiarum

150 3748 300 3850 dignitate
326 3766 364 3824 et
388 3747 621 3821 sublimitate.
648 3751 683 3820 Si
707 3774 825 3837 nunc,
846 3774 924 3820 non
942 3751 1016 3847 jam
1042 3753 1205 3851 philoso-

150 3872 206 3965 phi,
220 3876 284 3949 sed
303 3872 495 3971 scriptoris
516 3873 629 3968 ipsius
647 3870 792 3944 laudem
808 3872 1007 3944 literariam-
1019 3893 1205 3973 spectave-

150 3983 253 4090 rinus,
272 4022 400 4099 operae
419 3996 579 4092 pretium
598 3995 665 4068 erit
685 3994 809 4067 audire
828 3995 1124 4098 Olivetum,qui,
1141 4001 1208 4074 hos
