2670 4816
107 446 109 450 .
475 359 758 426 PRAEFATIO.
827 361 831 370 '
1093 358 1152 451 xiij

77 497 164 580 tius,
175 490 516 577 Dolabella,Varro,
529 495 761 587 Hortensius,
777 494 943 578 Crassus,
963 493 1151 587 Lucullus,

10 696 14 708 y
78 618 142 712 qui
168 638 297 685 omnes
319 617 357 684 in
376 616 504 684 vicinia
524 615 623 685 villas
644 613 850 698 habebant,
876 628 912 684 et
934 616 1027 683 inter
1047 639 1084 684 se
1106 619 1175 697 vi·¹

78 739 197 808 cissim
208 734 471 834 philosophicis
482 736 790 834 disputationibus
801 737 1042 833 oratoriisque
1053 762 1154 808 exer·

78 860 315 933 citationibus
332 876 478 959 tempus
490 860 762 934 consumebant.
780 860 874 957 (Vid.
887 863 997 959 Epist.
1015 861 1058 931 ad
1074 864 1152 931 Div.

76 982 244 1073 V11,32;
263 986 328 1072 IX,
354 985 422 1080 18.)

124 1107 313 1179 Ciceronis
332 1106 415 1177 villa
432 1107 633 1178 Tusculana
660 1109 697 1177 in
721 1108 814 1199 clivo
839 1108 940 1178 collis
968 1110 1035 1178 sita
1058 1107 1152 1194 erat,
1255 1118 1257 1122 “
1299 1190 1302 1198 ,

78 1229 178 1301 unde
196 1229 295 1301 oculi
313 1228 495 1325 subjectos
521 1254 668 1328 campos
693 1254 808 1327 usque
840 1229 885 1301 ad
909 1234 1060 1300 Romam
1089 1255 1152 1328 pa·

77 1369 194 1426 tentes
213 1352 316 1425 facile
338 1352 727 1425 collustrabant.Vetus
741 1354 936 1424 Tusculum
957 1353 1066 1424 hodie
1085 1381 1152 1424 no·

80 1481 435 1551 minatur‘Frascoti.
462 1483 553 1551 Sunt
578 1482 643 1576 qui
670 1494 801 1577 putent
826 1481 945 1550 villam
970 1483 1153 1552 Ciceronis

79 1627 165 1673 eum
201 1601 324 1672 locum
360 1603 519 1672 tenuisse
551 1604 615 1698 qui
649 1603 859 1671 nominatur
889 1601 999 1672 hodie
1019 1607 1153 1672 'Grotta

69 1727 215 1815 serrato
241 1723 333 1818 (vid.
354 1724 496 1806 Biorrdt',
522 1724 621 1794 Italia
646 1724 837 1809 illustrata,
860 1728 924 1809 lll,
942 1749 1028 1820 pag.
1054 1724 1150 1817 325).
1252 1787 1258 1793 .

82 1848 144 1918 Alii
162 1860 294 1944 putant
314 1871 392 1916 eam
416 1847 534 1916 villam
561 1848 598 1916 in
622 1870 666 1917 eo
690 1848 770 1943 ipso
790 1861 932 1931 monte,
957 1851 1021 1943 qui
1042 1847 1152 1918 hodie

79 1985 231 2042 vocatur
258 1969 424 2055 Tuscol0,
457 1971 560 2040 sitam
589 1968 709 2040 luisse.
738 1969 838 2063 (Vid.
870 1975 1078 2068 Capmartin
1106 1944 1152 2042 de

81 2096 250 2191 Cbaupy,
291 2085 509 2163 De'courerte
547 2093 593 2162 de
629 2092 666 2164 la
696 2101 836 2180 metron
872 2094 919 2164 de
953 2119 1153 2191 compagae

79 2217 273 2301 d'Horaee,
293 2232 381 2286 tom.
397 2219 449 2314 ll,
476 2240 554 2313 pag.
570 2215 639 2286 2'35
659 2215 762 2314 sqq.).
782 2219 887 2287 Nunc
906 2233 1004 2288 certe
1018 2220 1054 2286 in
1071 2218 1152 2289 loco

79 2337 175 2408 dicto
195 2340 479 2429 Grottas'errata
497 2338 617 2410 sedem
639 2338 775 2410 habent
797 2338 962 2410 monachi
978 2326 1151 2412 Basilicu-

80 2487 148 2549 ses,
175 2464 238 2558 qui
262 2439 680 2533 ostenduntviatoribus
702 2462 873 2557 reliquias
898 2462 1150 2535 columnarum

79 2585 213 2682 quibus
234 2584 361 2657 fultam
380 2585 489 2658 luisse
507 2588 779 2658 Ciceronianam
797 2587 947 2658 domum
970 2586 1095 2676 fertur,
1118 2606 1153 2661 et

80 2710 357 2804 aquaeductuum
384 2709 451 2805 (de
478 2711 542 2806 leg.
566 2715 647 2807 Agr.
675 2715 742 2795 III,
773 2736 832 2796 113
855 2713 970 2807 Epist:
995 2711 1039 2782 ad
1070 2716 1149 2783 Div.

79 2838 176 2915 XVI,
197 2832 273 2927 18),
298 2833 432 2931 quibus
459 2858 570 2930 aquas
597 2812 791 2931 perhibent
824 2836 862 2904 in
893 2835 1019 2907 hortos
1050 2842 1149 2908 Cice-

23 2968 31 2977 ‘
78 2957 178 3027 ronis
198 2957 358 3028 invectas
375 2935 496 3028 luisse.
1097 2987 1100 2991 ·

127 3084 192 3149 ΙΙΙ.
215 3082 321 3150 Nunc
348 3079 393 3151 de
424 3080 493 3151 hac
522 3094 643 3153 nostra
671 3079 841 3152 editione.
870 3086 912 3152 ln
939 3082 1006 3152 hae
1035 3081 1147 3153 conli-

79 3203 205 3274 cienda
234 3203 515 3275 Tusculanarum
553 3205 805 3294 Quaestionum
837 3205 1018 3293 editione,
1044 3207 1151 3279 nobis

29 3352 32 3357 ·
79 3341 162 3397 ante
184 3326 311 3397 oculos
333 3325 501 3415 suerunt,
531 3329 627 3398 inter
648 3331 833 3398 universas
854 3333 1037 3400 Ciceronis
1060 3356 1150 3430 ope·
1186 3426 1189 3432 Ι

79 3475 156 3522 rum
174 3450 369 3537 editiones,
385 3464 545 3547 quatuor
559 3453 754 3548 praecipue,
770 3478 924 3548 quarum
939 3479 1049 3542 unam
1066 3461 1152 3526 [saa-

78 3597 139 3644 cus
156 3573 381 3671 Verburgius
400 3575 663 3646 Amstelaedami
684 3600 779 3646 anno
806 3581 896 3673 1724
920 3580 1089 3674 protulit,
1113 3583 1151 3651 in

77 3722 145 3792 qua
169 3701 336 3767 omnium
364 3701 592 3794 superiorum
617 3698 800 3769 editorum
822 3715 858 3769 et
886 3689 1149 3797 commentato-

77 3845 176 3907 rum,
195 3820 394 3918 praesertim
413 3821 580 3907 Victorii,
597 3823 809 3906 Camerarii,
827 3825 964 3911 Ursini,
984 3828 1152 3913 Manutii,

77 3942 260 4031 Lambini,
276 3941 478 4030 Gulielmii,
496 3945 663 4031 Gruteri,
677 3946 949 4016 Gronoviorum
971 3963 1007 4018 et
1022 3953 1152 4023 Graevii

77 4081 175 4139 notas
208 4082 245 4140 et
285 4064 557 4138 emendationes
591 4066 755 4164 collegit3
784 4082 855 4141 tres
880 4070 955 4141 aliae
982 4076 1036 4143 ie.
1062 4071 1150 4172 Aug.
