2670 4816
57 332 65 351 “
195 365 255 433 xiv
478 322 481 328 ’
524 364 657 433 uovr
688 318 948 433 numurus

196 499 380 585 Ernestio,
395 496 554 584 Oliveto,
569 495 739 567 Schiitzio
756 495 958 582 debentur;
984 494 1081 565 iuter
1099 493 1273 591 speciales

91 624 100 641 ‘
197 621 393 708 editiones,
407 621 474 691 illae
487 618 790 718 praesertimquas
802 620 966 691 Davisius
976 619 1050 713 jam
1063 620 1147 690 satis
1162 619 1274 714 longo

198 743 334 815 abhinc
351 758 534 842 tempore,
556 742 649 815 Frid.
671 747 763 840 Aug.
778 741 932 825 Wolfius
956 741 1028 839 (1),
1053 755 1090 812 et
1111 747 1140 813 J.
1165 745 1209 812 G.
1232 745 1273 812 C.

196 866 311 941 Neide
323 867 374 964 (a)
391 868 573 938 recentius
597 865 827 938 effinxerunt.

245 995 327 1090 Ipsa
341 1006 463 1061 autem
479 990 613 1062 Davisii
628 990 739 1066 editio
757 1004 813 1060 ter
831 990 958 1083 iterata
974 985 1064 1076 suit,
1080 991 1130 1058 ita
1146 1001 1189 1057 ut
1204 986 1276 1057 sub

198 1098 309 1186 unius
333 1115 491 1185 auctoris
509 1115 659 1187 nomine
679 1129 752 1186 tres
770 1115 843 1184 sint
865 1135 1015 1211 prorsus
1036 1111 1185 1183 diversas
1203 1110 1277 1181 edi·

156 1229 164 1239 *
200 1240 327 1311 tiones.
353 1243 409 1309 De
432 1235 567 1334 quibus
584 1237 635 1308 sic
657 1237 749 1308 Rud.
778 1234 986 1307 Godohold.
1008 1235 1181 1321 Rathius,
1210 1236 1300 1337 qui.

83 1447 86 1457 Ι
198 1364 277 1461 ipse
298 1364 440 1434 tertiam
461 1361 596 1431 Davisii
616 1358 812 1431 editionem
832 1382 916 1429 cum
932 1357 1101 1428 Richardi
1123 1356 1277 1428 Bentleii

199 1483 516 1557 emendationibus
534 1486 667 1554 iterum
685 1481 799 1554 edidit
819 1481 897 1552 Hal.
920 1486 1105 1552 Saxonum
1127 1477 1240 1553 1805:

252 1607 437 1684 «Primum
458 1605 577 1678 editus
596 1620 652 1677 est
669 1604 771 1676 hicce
790 1604 917 1676 libera
931 1607 1077 1676 Davisio
1092 1631 1147 1677 an.
1164 1630 1277 1701 1709,

166 1723 170 1729 ⁴
200 1722 448 1828 Cantabrigiae,
458 1730 553 1826 typis
568 1726 804 1815 Academicis,
821 1729 995 1824 impensis
1008 1726 1112 1798 Edm.
1124 1725 1273 1823 Jeffery.

202 1850 346 1942 Quibus
362 1850 473 1922 codd.
494 1875 582 1921 usus
597 1852 660 1938 sit,
681 1849 860 1947 quibusve
879 1849 1049 1922 subsidiis
1069 1851 1164 1935 aliis,
1184 1853 1276 1920 taci-

203 1992 262 2048 tus
277 1990 466 2074 praetereo,
480 1973 526 2045 ab
542 1977 622 2071 ipso
639 1977 736 2050 enim
752 1975 929 2045 recensita
942 1973 1114 2071 leguntur
1132 1973 1169 2041 in
1182 1996 1278 2070 prae-

201 2096 336 2170 fatione
353 2097 399 2169 ad
420 2099 573 2195 primam
586 2097 794 2168 editionem.
811 2096 1036 2167 Permultum
1056 2110 1179 2166 autern
1199 2097 1278 2168 haeo

201 2223 369 2319 princeps
383 2220 681 2319 apostorioribus
698 2219 840 2292 duabus
854 2219 987 2292 differt.
1002 2216 1175 2291 Modestus
1190 2235 1277 2290 sunt

201 2346 462 2431 correctiones,
481 2342 606 2414 timide
620 2341 668 2415 ab
685 2342 885 2414 editoribus
904 2341 1154 2441 superioribus
1173 2368 1276 2413 rece·

202 2465 273 2553 dit,
293 2491 339 2537 ne
357 2464 594 2540 Gebhardum
617 2466 765 2563 quidem
784 2468 997 2537 contemnit.
1020 2471 1064 2535 ln
1090 2463 1203 2536 rebus
1227 2466 1276 2536 le·

180 2587 372 2661 =viusculis
392 2613 488 2661 unus
510 2588 556 2659 de
577 2589 700 2661 multis
719 2613 797 2660 esse
809 2587 966 2660 voluisse
979 2586 1150 2675 videtur;
1177 2587 1278 2661 unde

200 2708 290 2779 nihil
307 2713 347 2780 in
364 2734 405 2781 ea
421 2711 602 2806 reperitur
615 2710 884 2809 orthographiae
900 2708 1091 2798 affectatae,
1104 2708 1163 2780 hic
1174 2714 1278 2780 enirn

172 2869 176 2875 ’
202 2855 270 2907 nec
292 2832 444 2922 ecferre,
465 2856 533 2902 noc
556 2832 762 2928 conlegere,
787 2857 857 2904 nec
878 2840 1076 2918 nunumus,
1102 2855 1170 2902 nec
1191 2847 1276 2902 tem·

196 2966 324 3049 ptare,
354 2978 423 3025 nec
445 2952 561 3025 simile
587 2954 788 3050 quidquam
810 2953 952 3052 legitur,
972 2954 1074 3051 quod
1095 2952 1278 3041 declaret,
1317 2962 1320 2967 ’

201 3076 305 3147 auxie
323 3099 408 3146 eum
430 3076 627 3147 verborum
652 3078 829 3174 originem
849 3076 982 3147 ducem
1007 3075 1118 3153 fuisse
1140 3101 1277 3172 sequu-

201 3211 292 3269 tum.
312 3202 356 3269 In
376 3198 587 3271 nominibus
606 3200 720 3269 tertiae
734 3198 879 3286 formae,
910 3201 1029 3271 omnis
1052 3197 1112 3271 hic
1131 3224 1276 3271 accusa·

199 3326 296 3398 tivus
318 3327 510 3401 nominum
528 3327 658 3424 plurali
673 3328 834 3424 genitivo
852 3332 927 3404 ium
946 3325 1185 3414 habentium,
1201 3329 1277 3396 exit

201 3448 241 3518 in
258 3474 314 3536 es,
338 3451 376 3520 in
399 3449 548 3547 reliquis
574 3465 695 3524 autem
720 3452 758 3522 in
786 3455 833 3538 is,
856 3465 897 3523 ut
917 3448 1015 3548 apud
1034 3448 1275 3534 lambinum,

238 3654 280 3734 (ι)
293 3659 380 3714 Tusc.
395 3657 501 3736 Dispp.
513 3676 549 3714 ex
571 3657 741 3716 recensione
755 3657 835 3717 Frid.
851 3662 921 3734 Aug.
934 3656 1023 3718 Wolf.
1038 3654 1160 3734 Lipsiae,
1183 3676 1278 3732 1792,

202 3760 287 3832 1807,
305 3760 390 3818 1825.
408 3763 487 3841 (Ter
504 3761 583 3819 cuim
602 3782 650 3820 eas
671 3761 783 3840 edidit.)
1261 3773 1264 3780 '

238 3863 281 3944 (α)
294 3867 526 3927 Tusculanarum
534 3867 663 3946 Disputt.
674 3867 745 3926 libri
757 3867 887 3948 quinque
899 3865 1060 3926 secundum
1074 3878 1185 3924 textum
1196 3867 1278 3927 Wob.

194 3972 305 4031 lienum
325 3972 432 4047 edidit,
447 3975 656 4035 commentario
675 3988 821 4057 perpetuo
840 3973 996 4034 illustravit
1015 3979 1042 4037 J.
1063 3979 1097 4031 G.
1120 3977 1154 4036 C.¹
1174 3974 1280 4038 uelde..

193 4078 299 4163 lipsiae
312 4093 347 4140 ‘et
369 4085 461 4155 lenae,
483 4083 568 4160 1798.
