2670 4816
440 331 733 435 nantario.
1038 333 1124 428 xxnj

61 472 139 564 qnin
164 468 288 537 omnia
310 467 369 536 isti
398 449 687 562 reprehendant3
717 487 824 560 aequo
851 461 965 535 ieram
991 466 1123 537 animo.

10 599 12 625 ²
59 598 178 690 Neque
198 590 349 677 dubito,
366 593 459 688 quin
478 591 585 662 inulti
600 588 697 688 apud
715 590 929 662 Ciceronem
946 592 1060 664 multa
1078 591 1124 664 fe·¹

58 732 130 787 rant
152 731 193 788 et
214 713 409 813 probent,¹⁷
421 738 503 810 quae
523 713 614 784 mihi
636 713 756 784 statim
774 713 812 782 in
836 727 940 784 textu
958 717 1126 786 mutatio·

58 863 136 909 nem
154 859 309 934 poscere
335 849 422 908 sunt
443 836 542 907 visa:
572 856 657 906 nam
681 835 751 923 alia
780 834 1123 936 ejusdemgeneris‚

58 985 134 1058 quae
162 961 307 1031 minora
336 973 548 1057 argumenta
578 957 902 1032 verisimilitudinis
927 959 1126 1049 haberent,

61 1083 94 1150 in
111 1079 379 1177 aliudtempus
400 1079 549 1153 distuli:
575 1070 639 1152 sed
657 1096 766 1152 emnt
781 1078 856 1153 fere
873 1084 916 1169 ii,
930 1080 1126 1182 quiquam

58 1203 120 1300 ipsi
135 1204 251 1275 iatine
264 1202 455 1291 scribunt,
468 1203 582 1274 motta
601 1201 720 1274 ferant
740 1217 850 1300 atque
870 1204 962 1277 adeo
980 1209 1019 1278 in
1040 1206 1127 1279 deli·

58 1329 113 1399 ciis
132 1327 313 1414 habeant,
332 1351 413 1424 quae
430 1325 635 1398 verendum
647 1341 699 1399 est
714 1351 761 1397 ne
775 1328 904 1398 Cicero
921 1353 998 1400 non
1015 1325 1146 1402 modo¹

58 1451 194 1539 mterit,
219 1473 349 1523 verum
377 1475 425 1521 ne
453 1448 673 1521 intellexerit
697 1450 858 1546 quidem.
887 1449 958 1522 Sed
982 1451 1029 1524 de
1051 1466 1127 1524 tota

59 1579 195 1646 ratione
206 1587 333 1646 tentus
340 1571 559 1645 emendandi
569 1586 649 1643 tum
664 1571 806 1669 planius
817 1571 973 1665 judicari
984 1572 1127 1679 licebit,

59 1720 169 1792 pium
185 1695 306 1790 maior
321 1695 437 1775 editio·
451 1669 647 1792 aliquando
665 1695 826 1766 criticam
841 1700 1032 1768 materiem
1044 1723 1129 1796 pro-

59 1821 228 1916 posuerit.
254 1817 353 1889 ⁸Inde
384 1817 575 1916 apparebit
609 1819 734 1905 etiam,
767 1819 1008 1890 vetustissima
1034 1844 1128 1920 saepe

61 1967 147 2031 esse,
171 1967 255 2041 quae
274 1967 375 2013 nunc
390 1941 583 2014 videantur
603 1965 718 2030 nova3
740 1964 876 2039 eaque,
895 1967 977 2041 quae
994 1945 1032 2014 in
1051 1945 1129 2014 vui·

61 2073 140 2164 gatis
152 2066 257 2139 libris
275 2082 315 2138 ut
329 2065 445 2165 proba
459 2080 496 2138 et
513 2067 665 2165 antiqua
679 2068 866 2153 miramur,
880 2091 1000 2163 neque
1014 2066 1130 2165 proba

62 2215 129 2263 esse
148 2215 273 2287 neque
290 2193 459 2287 antiqua,
480 2188 667 2260 interdum
684 2191 792 2261 etiam
812 2204 950 2262 temere
969 2214 989 2261 e
1007 2192 1126 2287 conje-

62 2315 162 2385 cturis
181 2312 303 2384 ducta.
324 2315 493 2408 Denique
510 2310 692 2410 quidquid
707 2314 864 2398 mutavi,
876 2314 953 2410 ipse
970 2316 1129 2412 ingenue
1246 2369 1254 2391 ,

62 2436 208 2534 prodidi.
237 2434 381 2532 Subjeci
407 2436 569 2510 enimin
596 2436 670 2507 imo
696 2437 860 2533 margine
885 2435 1129 2510 diversitatem

63 2561 280 2635 recensionis
306 2561 549 2648 Ernestianae‚
578 2559 688 2655 hujus
715 2560 828 2657 ipsius
858 2560 926 2629 viri
954 2577 1130 2658 sequutus

65 2684 286 2784 exemplum,
306 2685 371 2782 qui
392 2686 431 2754 in
451 2687 593 2755 minore
617 2681 777 2754 editione
802 2708 959 2781 opernm
983 2686 1129 2757 Cicero-

64 2811 251 2881 nianorum
277 2806 425 2880 Halcnsi
452 2808 549 2878 idem
575 2805 661 2879 fecit
685 2806 731 2878 de
753 2806 974 2879 lectionibus
995 2813 1129 2882 Grute-

64 2935 174 3006 rianis.
205 2934 286 3021 Sic,
315 2935 379 3030 qui
408 2933 555 3017 volent,
589 2946 900 3030 uno'conspectu
932 2932 1130 3021 tenebunt,

65 3058 192 3154 quibus
214 3057 329 3129 rebus
354 3057 431 3128 haec
449 3071 574 3128 nostra
592 3058 755 3129 recensio
780 3055 925 3128 differat
945 3055 991 3127 ab
1012 3058 1131 3131 illius:

65 3182 233 3278 magistris
262 3194 385 3266 autem
413 3178 619 3250 scholarum
646 3178 700 3248 hae
727 3177 930 3250 subnotatae
957 3180 1130 3254 lectiones

66 3306 289 3375 occasionem
304 3300 463 3389 dabunt,
480 3305 510 3371 si
526 3325 614 3372 usus
628 3300 824 3389 videbitur,
840 3299 1026 3410 auditores
1044 3327 1130 3376 suos

65 3431 142 3499 artis
158 3429 290 3499 criticae
307 3425 495 3497 elementis
513 3423 741 3496 imbuendi.»
864 3511 866 3515 ⁷

105 3555 236 3622 Proeter
248 3563 306 3621 tot
324 3563 360 3620 et
377 3561 477 3619 tanta
486 3547 629 3638 auxilia,
644 3547 793 3619 aderant
806 3548 901 3620 bene
918 3549 1041 3622 multae
1055 3577 1133 3624 ver-

66 3676 175 3747 siones
197 3651 453 3772 gallicae,'quae
478 3669 753 3768 interpretando
777 3672 892 3742 textui
921 3672 1056 3770 aliquid
1080 3675 1130 3747 af·

66 3795 147 3871 [erre
170 3811 364 3898 poterant,
390 3819 480 3891 quas
505 3795 600 3866 inter
624 3793 704 3866 duae
727 3797 924 3892 praesertim
949 3799 1133 3872 eminent:

67 3922 123 3995 itlae
135 3946 289 4021 nempe,
303 3946 386 4019 quae
399 3917 520 3990 abbati
539 3919 705 4005 oliveto,
720 3921 832 3990 Paris.
855 3919 965 4016 1732,
991 3938 1027 3994 et
1043 3947 1135 4020 prae.

69 4046 124 4117 sidi
139 4046 316 4134 Buherio,
334 4041 443 4116 Paris.
460 4041 564 4140 1737,
582 4041 773 4114 debentur.
794 4048 864 4114 Has
878 4046 1085 4118 emendatas
1101 4064 1137 4120 et
