2670 4816
448 329 741 399 panemo.
1095 335 1131 430 xj

63 480 250 565 putemus,
268 465 299 533 si
316 485 444 534 eorum
460 463 569 534 lectio
588 461 810 543 obscuritate
822 487 946 536 rerum
961 467 1136 565 impedita

61 590 122 674 sit;
137 611 255 685 quum
273 587 473 684 praesertim
493 586 620 658 talium
636 611 792 685 operum
806 589 959 661 virtutes
975 615 1049 662 non
1068 593 1134 663 ali·
1222 572 1225 577 ’

60 727 112 782 ter
128 735 243 808 quam
257 711 530 807 comparatione
543 709 722 781 leviorum
743 712 870 783 sentiri
889 716 1133 812 cognoscique
1160 771 1162 776 ·

61 834 210 933 possint.
231 837 358 930 Itaque
383 832 455 903 nisi
480 831 680 930 singulares
701 832 1020 930 quasdamcausas
1044 837 1133 910 olim
1154 815 1156 821 Ι

60 972 214 1030 versatas
232 957 405 1028 sciremus
420 957 460 1026 in
477 959 716 1054 scriptorum,
732 958 798 1054 qui
809 959 993 1051 juventuti
1008 961 1132 1059 praele·

60 1076 247 1179 gerentur‚
272 1077 418 1150 delectu
446 1077 636 1166 babend03
655 1080 863 1151 mirandum
887 1097 996 1170 esset,
1019 1082 1133 1156 libros

60 1205 102 1277 de
121 1203 285 1291 Officiis,
303 1203 370 1274 etsi
390 1203 526 1290 multo,
551 1217 593 1275 ut
611 1201 707 1291 dixi,
729 1208 934 1277 accuratius
958 1209 1132 1307 scriptos,

59 1343 330 1431 verumtamen
357 1329 417 1397 isti
448 1327 544 1397 aetati
573 1327 694 1398 minus
723 1326 847 1416 utiles,
882 1331 920 1398 in
948 1329 1133 1429 plerisque

61 1451 189 1523 scholis
208 1449 380 1548 regnare,
394 1450 606 1521 Tusculanis
620 1451 681 1520 vix
703 1451 813 1522 unius
835 1465 872 1523 et
893 1451 1041 1526 alterius
1060 1478 1135 1525 ma·

62 1577 160 1674 gistri
172 1571 355 1646 beneficio
372 1571 494 1644 locum
514 1569 703 1643 concedi».

105 1704 151 1770 ΙΙ.
172 1703 257 1790 Quo
276 1697 421 1796 planius
437 1694 687 1793 intelligantur
702 1694 852 1792 quidam
872 1695 960 1787 loci,
975 1697 1043 1769 ubi
1058 1703 1132 1772 No·

62 1837 129 1894 ster
148 1819 357 1920 reipublicae
373 1843 532 1890 romana
551 1832 686 1890 statum
703 1817 823 1896 obiter
837 1822 1002 1919 attingit,
1017 1823 1132 1895 scien·

65 1944 223 2016 dumest
246 1968 323 2040 quo
346 1957 530 2039 tempore,
550 1965 646 2038 qnos
671 1942 767 2012 inter
794 1957 963 2031 eventus,
990 1969 1068 2041 quo
1093 1947 1132 2030 in

65 2069 139 2140 loco
181 2067 266 2138 libri
304 2065 356 2136 illi
390 2064 676 2136 Tusculanarum
720 2065 971 2156 Quaestionum
1008 2071 1134 2167 scripti

65 2188 204 2261 luerint.

106 2317 159 2384 Ex
191 2334 267 2408 quo
295 2313 412 2381 Caesar
443 2307 598 2379 dictator
629 2311 754 2379 Romae
782 2307 881 2381 solus
912 2310 1132 2410 imperabat,

67 2452 187 2509 senatu
203 2458 272 2533 per
294 2438 465 2504 timorem
482 2430 611 2503 silente
634 2429 696 2526 (ad
712 2434 820 2503 Attio.
840 2436 945 2521 XIII,
970 2432 1053 2530 32),
1072 2438 1132 2508 Ci-
1154 2445 1156 2449 ’

69 2584 140 2632 uero
157 2573 328 2656 receptus
344 2557 382 2627 in
396 2555 489 2627 villis
506 2557 600 2645 suis,
614 2530 692 2627 tum
705 2555 870 2643 Tusculi,
888 2571 967 2628 tum
976 2561 1132 2648 Asturae,

66 2698 135 2754 turn
144 2681 492 2767 Puteolorum,tum
505 2676 793 2776 Arpini‚studiis
805 2679 1068 2779 philosophicis
1081 2698 1133 2755 to·

65 2822 130 2879 tam
149 2804 262 2879 dabat
278 2826 440 2902 operam.
459 2805 537 2873 Jam
555 2824 660 2898 paene
679 2802 879 2890 continuo,
898 2817 936 2874 et
956 2806 1034 2876 sine
1057 2806 1132 2878 ulla

64 2932 347 3016 intermissione,
378 2925 514 2998 librum
541 2925 692 2996 nomine
713 2929 969 3027 Hortensium,
999 2929 1133 3001 Acade·

63 3058 166 3144 mica,
185 3052 300 3124 libros
316 3051 481 3148 quinque
497 3049 543 3120 de
551 3048 702 3121 Finibus
717 3065 987 3147 composuerat,
1014 3077 1132 3150 quum

61 3178 274 3250 Tirsculanas
291 3175 575 3272 Disputationes
589 3169 748 3243 scribere
776 3196 965 3269 aggressus
987 3190 1068 3247 est:
1093 3177 1131 3248 hi

61 3300 154 3389 libri,
176 3282 339 3396 incoepti
361 3295 484 3368 medio
514 3318 612 3366 anno
647 3293 735 3390 708,
761 3309 845 3366 ante
876 3295 958 3368 idus
987 3301 1132 3372 martias
1166 3310 1168 3315 '

60 3430 142 3498 anni
160 3449 262 3527 709,
278 3419 482 3492 Tusculana
502 3421 542 3489 in
568 3416 652 3488 villa
674 3415 830 3488 absoluti
852 3435 948 3491 sunt.
970 3424 1130 3497 Eventus

60 3551 151 3621 enim
170 3571 300 3620 omnes
322 3567 421 3642 quos
436 3545 480 3613 in·
495 3540 550 3612 his
575 3543 708 3612 Noster
730 3557 926 3631 memorat,
953 3545 1028 3639 jam
1046 3563 1130 3621 ante

60 3676 233 3771 posterius
264 3670 336 3740 hoc
368 3682 513 3764 tempus
545 3662 696 3763 perfecti
724 3681 860 3737 erant:
896 3681 933 3738 et
958 3684 1059 3766 patet
1083 3697 1129 3743 ex

61 3822 130 3897 cap.
147 3811 283 3896 quarto
303 3786 387 3864 libri
409 3792 516 3889 primi
535 3813 598 3862 eos
615 3789 729 3861 libros
749 3816 825 3862 non
844 3807 928 3863 ante
947 3794 1129 3894 incoeptos

61 3920 180 4008 luisse,
203 3944 317 4020 quam
342 3914 528 4017 profectus
560 3930 613 3986 est
644 3926 777 4012 praetor
808 3920 939 3989 Brutus
972 3921 1010 3989 in
1047 3923 1130 3992 Gal·

62 4045 136 4118 liam
153 4046 394 4144 Cisalpinam,
410 4041 517 4137 cujus
528 4039 724 4138 provinciae
738 4054 870 4136 prator
884 4045 1006 4138 priore
1019 4023 1128 4135 anno,

996 4191 1031 4234 a.
