<?xml version="1.0" encoding="UTF-8"?>
<!DOCTYPE html PUBLIC "-//W3C//DTD XHTML 1.0 Transitional//EN"
    "http://www.w3.org/TR/xhtml1/DTD/xhtml1-transitional.dtd">
<html xmlns="http://www.w3.org/1999/xhtml" xml:lang="en" lang="en">
 <head>
  <title>
</title>
<meta http-equiv="Content-Type" content="text/html;charset=utf-8" />
  <meta name='ocr-system' content='tesseract 3.04.00' />
  <meta name='ocr-capabilities' content='ocr_page ocr_carea ocr_par ocr_line ocrx_word'/>
</head>
<body>
  <div class='ocr_page' id='page_1' title='image "bibliothecaclas43lemagoog_0057.png"; bbox 0 0 2670 4816; ppageno 0'>
   <div class='ocr_carea' id='block_1_1' title="bbox 123 338 860 408">
    <p class='ocr_par' dir='ltr' id='par_1_1' title="bbox 123 338 860 408">
     <span class='ocr_line' id='line_1_1' title="bbox 123 338 860 408; baseline -0.001 0"><span class='ocrx_word' id='word_1_1' title='bbox 123 338 147 408; x_wconf 90' lang='lat'><strong>6</strong></span> <span class='ocrx_word' id='word_1_2' title='bbox 449 340 617 408; x_wconf 84' lang='lat' dir='ltr'><strong>ERASMl</strong></span> <span class='ocrx_word' id='word_1_3' title='bbox 639 341 860 408; x_wconf 78' lang='lat' dir='ltr'><strong>EPISTOLA</strong></span> 
     </span>
    </p>
   </div>
   <div class='ocr_carea' id='block_1_2' title="bbox 60 458 1203 4136">
    <p class='ocr_par' dir='ltr' id='par_1_2' title="bbox 60 458 1203 4136">
     <span class='ocr_line' id='line_1_2' title="bbox 124 458 1193 547; baseline 0.001 -24"><span class='ocrx_word' id='word_1_4' title='bbox 124 461 247 547; x_wconf 89' lang='lat' dir='ltr'><strong>aliquot</strong></span> <span class='ocrx_word' id='word_1_5' title='bbox 271 481 345 522; x_wconf 92' lang='lat' dir='ltr'><strong>cum</strong></span> <span class='ocrx_word' id='word_1_6' title='bbox 370 458 431 522; x_wconf 91' lang='lat' dir='ltr'><strong>illis</strong></span> <span class='ocrx_word' id='word_1_7' title='bbox 458 459 654 522; x_wconf 79' lang='lat' dir='ltr'><strong>familiariter</strong></span> <span class='ocrx_word' id='word_1_8' title='bbox 677 459 792 523; x_wconf 89' lang='lat' dir='ltr'><strong>vivere.</strong></span> <span class='ocrx_word' id='word_1_9' title='bbox 815 460 957 522; x_wconf 89' lang='lat' dir='ltr'><strong>Tantum</strong></span> <span class='ocrx_word' id='word_1_10' title='bbox 983 458 1111 524; x_wconf 89' lang='lat' dir='ltr'><strong>fructus</strong></span> <span class='ocrx_word' id='word_1_11' title='bbox 1140 484 1193 524; x_wconf 87' lang='lat' dir='ltr'><strong>me</strong></span> 
     </span>
     <span class='ocr_line' id='line_1_3' title="bbox 125 563 1199 652; baseline 0.002 -24"><span class='ocrx_word' id='word_1_12' title='bbox 125 564 210 629; x_wconf 93' lang='lat' dir='ltr'><strong>sensi</strong></span> <span class='ocrx_word' id='word_1_13' title='bbox 226 563 405 651; x_wconf 81' lang='lat' dir='ltr'><strong>percepisse</strong></span> <span class='ocrx_word' id='word_1_14' title='bbox 421 586 460 626; x_wconf 89' lang='lat' dir='ltr'><strong>ex</strong></span> <span class='ocrx_word' id='word_1_15' title='bbox 477 563 528 627; x_wconf 91' lang='lat' dir='ltr'><strong>his</strong></span> <span class='ocrx_word' id='word_1_16' title='bbox 551 564 640 627; x_wconf 91' lang='lat' dir='ltr'><strong>libris</strong></span> <span class='ocrx_word' id='word_1_17' title='bbox 659 564 795 645; x_wconf 88' lang='lat' dir='ltr'><strong>relictis,</strong></span> <span class='ocrx_word' id='word_1_18' title='bbox 820 586 888 628; x_wconf 91' lang='lat' dir='ltr'><strong>non</strong></span> <span class='ocrx_word' id='word_1_19' title='bbox 906 579 1034 628; x_wconf 91' lang='lat' dir='ltr'><strong>tantum</strong></span> <span class='ocrx_word' id='word_1_20' title='bbox 1055 565 1101 628; x_wconf 95' lang='lat' dir='ltr'><strong>ob</strong></span> <span class='ocrx_word' id='word_1_21' title='bbox 1119 566 1199 652; x_wconf 19' lang='lat' dir='ltr'><strong>styli&gt;</strong></span> 
     </span>
     <span class='ocr_line' id='line_1_4' title="bbox 124 670 1194 760; baseline -0.001 -25"><span class='ocrx_word' id='word_1_22' title='bbox 124 671 307 759; x_wconf 85' lang='lat' dir='ltr'><strong>rubiginem</strong></span> <span class='ocrx_word' id='word_1_23' title='bbox 321 670 566 760; x_wconf 84' lang='lat' dir='ltr'><strong>abstergendam</strong></span> <span class='ocrx_word' id='word_1_24' title='bbox 581 670 791 758; x_wconf 88' lang='lat' dir='ltr'><strong>(quamquam</strong></span> <span class='ocrx_word' id='word_1_25' title='bbox 808 671 872 734; x_wconf 91' lang='lat' dir='ltr'><strong>hoc</strong></span> <span class='ocrx_word' id='word_1_26' title='bbox 891 693 1024 758; x_wconf 88' lang='lat' dir='ltr'><strong>quoque</strong></span> <span class='ocrx_word' id='word_1_27' title='bbox 1040 671 1194 734; x_wconf 88' lang='lat' dir='ltr'><strong>nonnihil</strong></span> 
     </span>
     <span class='ocr_line' id='line_1_5' title="bbox 126 774 1194 864; baseline -0.001 -24"><span class='ocrx_word' id='word_1_28' title='bbox 126 792 191 857; x_wconf 90' lang='lat' dir='ltr'><strong>est,</strong></span> <span class='ocrx_word' id='word_1_29' title='bbox 209 799 282 839; x_wconf 81' lang='lat' dir='ltr'><strong>tneo</strong></span> <span class='ocrx_word' id='word_1_30' title='bbox 308 774 441 863; x_wconf 88' lang='lat' dir='ltr'><strong>quidem</strong></span> <span class='ocrx_word' id='word_1_31' title='bbox 460 774 614 862; x_wconf 86' lang='lat' dir='ltr'><strong>judicio);</strong></span> <span class='ocrx_word' id='word_1_32' title='bbox 632 798 746 839; x_wconf 90' lang='lat' dir='ltr'><strong>verum</strong></span> <span class='ocrx_word' id='word_1_33' title='bbox 768 775 873 839; x_wconf 91' lang='lat' dir='ltr'><strong>multo</strong></span> <span class='ocrx_word' id='word_1_34' title='bbox 898 776 998 864; x_wconf 88' lang='lat' dir='ltr'><strong>magis</strong></span> <span class='ocrx_word' id='word_1_35' title='bbox 1023 777 1067 840; x_wconf 95' lang='lat' dir='ltr'><strong>ob</strong></span> <span class='ocrx_word' id='word_1_36' title='bbox 1091 777 1194 840; x_wconf 88' lang='lat' dir='ltr'><strong>animi</strong></span> 
     </span>
     <span class='ocr_line' id='line_1_6' title="bbox 126 881 1194 970; baseline 0.002 -24"><span class='ocrx_word' id='word_1_37' title='bbox 126 882 316 970; x_wconf 87' lang='lat' dir='ltr'><strong>cupiditates</strong></span> <span class='ocrx_word' id='word_1_38' title='bbox 334 881 547 946; x_wconf 87' lang='lat' dir='ltr'><strong>moderandas</strong></span> <span class='ocrx_word' id='word_1_39' title='bbox 573 882 855 970; x_wconf 77' lang='lat' dir='ltr'><strong>refrenandosque.</strong></span> <span class='ocrx_word' id='word_1_40' title='bbox 869 883 1017 965; x_wconf 80' lang='lat' dir='ltr'><strong>¹Quoties</strong></span> <span class='ocrx_word' id='word_1_41' title='bbox 1041 883 1128 947; x_wconf 88' lang='lat' dir='ltr'><strong>inter</strong></span> <span class='ocrx_word' id='word_1_42' title='bbox 1145 884 1194 948; x_wconf 89' lang='lat' dir='ltr'><strong>le·</strong></span> 
     </span>
     <span class='ocr_line' id='line_1_7' title="bbox 126 987 1196 1078; baseline -0.003 -25"><span class='ocrx_word' id='word_1_43' title='bbox 126 989 270 1078; x_wconf 88' lang='lat' dir='ltr'><strong>gendum</strong></span> <span class='ocrx_word' id='word_1_44' title='bbox 287 988 483 1075; x_wconf 83' lang='lat' dir='ltr'><strong>exspuebam</strong></span> <span class='ocrx_word' id='word_1_45' title='bbox 501 989 535 1051; x_wconf 91' lang='lat' dir='ltr'><strong>in</strong></span> <span class='ocrx_word' id='word_1_46' title='bbox 556 987 690 1053; x_wconf 91' lang='lat' dir='ltr'><strong>stolidos</strong></span> <span class='ocrx_word' id='word_1_47' title='bbox 708 989 805 1070; x_wconf 92' lang='lat' dir='ltr'><strong>istos,</strong></span> <span class='ocrx_word' id='word_1_48' title='bbox 819 990 876 1076; x_wconf 94' lang='lat' dir='ltr'><strong>qui</strong></span> <span class='ocrx_word' id='word_1_49' title='bbox 891 989 925 1051; x_wconf 91' lang='lat' dir='ltr'><strong>in</strong></span> <span class='ocrx_word' id='word_1_50' title='bbox 938 989 1098 1053; x_wconf 87' lang='lat' dir='ltr'><strong>Cicerone</strong></span> <span class='ocrx_word' id='word_1_51' title='bbox 1111 989 1196 1051; x_wconf 87' lang='lat' dir='ltr'><strong>nihil</strong></span> 
     </span>
     <span class='ocr_line' id='line_1_8' title="bbox 126 1093 1194 1184; baseline -0.003 -25"><span class='ocrx_word' id='word_1_52' title='bbox 126 1096 313 1184; x_wconf 86' lang='lat' dir='ltr'><strong>praeclarum</strong></span> <span class='ocrx_word' id='word_1_53' title='bbox 333 1116 401 1158; x_wconf 90' lang='lat' dir='ltr'><strong>esse</strong></span> <span class='ocrx_word' id='word_1_54' title='bbox 417 1093 565 1159; x_wconf 89' lang='lat' dir='ltr'><strong>dictitant</strong></span> <span class='ocrx_word' id='word_1_55' title='bbox 581 1111 697 1182; x_wconf 86' lang='lat' dir='ltr'><strong>praeter</strong></span> <span class='ocrx_word' id='word_1_56' title='bbox 713 1096 887 1159; x_wconf 88' lang='lat' dir='ltr'><strong>verborum</strong></span> <span class='ocrx_word' id='word_1_57' title='bbox 903 1094 1064 1182; x_wconf 83' lang='lat' dir='ltr'><strong>phaleras!</strong></span> <span class='ocrx_word' id='word_1_58' title='bbox 1083 1096 1194 1177; x_wconf 89' lang='lat' dir='ltr'><strong>Quam</strong></span> 
     </span>
     <span class='ocr_line' id='line_1_9' title="bbox 126 1199 1196 1290; baseline -0.001 -25"><span class='ocrx_word' id='word_1_59' title='bbox 126 1203 190 1267; x_wconf 89' lang='lat' dir='ltr'><strong>illic</strong></span> <span class='ocrx_word' id='word_1_60' title='bbox 208 1219 256 1266; x_wconf 90' lang='lat' dir='ltr'><strong>est</strong></span> <span class='ocrx_word' id='word_1_61' title='bbox 274 1201 359 1264; x_wconf 90' lang='lat' dir='ltr'><strong>varia</strong></span> <span class='ocrx_word' id='word_1_62' title='bbox 380 1201 476 1265; x_wconf 87' lang='lat' dir='ltr'><strong>lectio</strong></span> <span class='ocrx_word' id='word_1_63' title='bbox 496 1203 717 1283; x_wconf 90' lang='lat' dir='ltr'><strong>voluminum,</strong></span> <span class='ocrx_word' id='word_1_64' title='bbox 741 1225 812 1290; x_wconf 86' lang='lat' dir='ltr'><strong>quae</strong></span> <span class='ocrx_word' id='word_1_65' title='bbox 829 1200 1004 1265; x_wconf 88' lang='lat' dir='ltr'><strong>doctissimi</strong></span> <span class='ocrx_word' id='word_1_66' title='bbox 1025 1199 1129 1264; x_wconf 85' lang='lat' dir='ltr'><strong>Graeci</strong></span> <span class='ocrx_word' id='word_1_67' title='bbox 1153 1200 1196 1265; x_wconf 91' lang='lat' dir='ltr'><strong>de</strong></span> 
     </span>
     <span class='ocr_line' id='line_1_10' title="bbox 127 1306 1196 1396; baseline -0.002 -24"><span class='ocrx_word' id='word_1_68' title='bbox 127 1324 214 1372; x_wconf 87' lang='lat' dir='ltr'><strong>recte</strong></span> <span class='ocrx_word' id='word_1_69' title='bbox 238 1309 396 1394; x_wconf 85' lang='lat' dir='ltr'><strong>beateque</strong></span> <span class='ocrx_word' id='word_1_70' title='bbox 419 1306 558 1371; x_wconf 88' lang='lat' dir='ltr'><strong>vivendo</strong></span> <span class='ocrx_word' id='word_1_71' title='bbox 581 1308 801 1396; x_wconf 86' lang='lat' dir='ltr'><strong>reliquerunt!</strong></span> <span class='ocrx_word' id='word_1_72' title='bbox 829 1307 959 1388; x_wconf 88' lang='lat' dir='ltr'><strong>Quanta</strong></span> <span class='ocrx_word' id='word_1_73' title='bbox 979 1307 1046 1370; x_wconf 86' lang='lat' dir='ltr'><strong>vis!</strong></span> <span class='ocrx_word' id='word_1_74' title='bbox 1072 1323 1196 1393; x_wconf 83' lang='lat' dir='ltr'><strong>quanta</strong></span> 
     </span>
     <span class='ocr_line' id='line_1_11' title="bbox 128 1411 1196 1502; baseline -0.003 -25"><span class='ocrx_word' id='word_1_75' title='bbox 128 1413 220 1500; x_wconf 90' lang='lat' dir='ltr'><strong>copia</strong></span> <span class='ocrx_word' id='word_1_76' title='bbox 244 1411 421 1478; x_wconf 91' lang='lat' dir='ltr'><strong>salubrium</strong></span> <span class='ocrx_word' id='word_1_77' title='bbox 445 1428 477 1476; x_wconf 92' lang='lat' dir='ltr'><strong>et</strong></span> <span class='ocrx_word' id='word_1_78' title='bbox 499 1413 777 1476; x_wconf 85' lang='lat' dir='ltr'><strong>sanctissimorum</strong></span> <span class='ocrx_word' id='word_1_79' title='bbox 798 1414 1053 1502; x_wconf 74' lang='lat' dir='ltr'><strong>praceptorum!</strong></span> <span class='ocrx_word' id='word_1_80' title='bbox 1072 1429 1196 1498; x_wconf 89' lang='lat' dir='ltr'><strong>quanta</strong></span> 
     </span>
     <span class='ocr_line' id='line_1_12' title="bbox 128 1516 1195 1607; baseline -0.003 -25"><span class='ocrx_word' id='word_1_81' title='bbox 128 1518 290 1607; x_wconf 84' lang='lat' dir='ltr'><strong>cognitio,</strong></span> <span class='ocrx_word' id='word_1_82' title='bbox 302 1533 485 1604; x_wconf 87' lang='lat' dir='ltr'><strong>quantaque</strong></span> <span class='ocrx_word' id='word_1_83' title='bbox 502 1517 658 1580; x_wconf 90' lang='lat' dir='ltr'><strong>memoria</strong></span> <span class='ocrx_word' id='word_1_84' title='bbox 673 1516 850 1604; x_wconf 91' lang='lat' dir='ltr'><strong>priscarum</strong></span> <span class='ocrx_word' id='word_1_85' title='bbox 862 1517 960 1580; x_wconf 89' lang='lat' dir='ltr'><strong>simul</strong></span> <span class='ocrx_word' id='word_1_86' title='bbox 971 1533 1004 1580; x_wconf 91' lang='lat' dir='ltr'><strong>et</strong></span> <span class='ocrx_word' id='word_1_87' title='bbox 1014 1517 1195 1581; x_wconf 89' lang='lat' dir='ltr'><strong>recentium</strong></span> 
     </span>
     <span class='ocr_line' id='line_1_13' title="bbox 127 1620 1196 1709; baseline 0 -23"><span class='ocrx_word' id='word_1_88' title='bbox 127 1623 353 1686; x_wconf 87' lang='lat' dir='ltr'><strong>historiarum!</strong></span> <span class='ocrx_word' id='word_1_89' title='bbox 375 1624 460 1688; x_wconf 89' lang='lat' dir='ltr'><strong>Tum</strong></span> <span class='ocrx_word' id='word_1_90' title='bbox 477 1638 601 1703; x_wconf 87' lang='lat' dir='ltr'><strong>autem,</strong></span> <span class='ocrx_word' id='word_1_91' title='bbox 622 1644 719 1708; x_wconf 88' lang='lat' dir='ltr'><strong>quam</strong></span> <span class='ocrx_word' id='word_1_92' title='bbox 739 1621 808 1684; x_wconf 87' lang='lat' dir='ltr'><strong>altae</strong></span> <span class='ocrx_word' id='word_1_93' title='bbox 826 1621 1035 1709; x_wconf 87' lang='lat' dir='ltr'><strong>cogitationes</strong></span> <span class='ocrx_word' id='word_1_94' title='bbox 1059 1620 1100 1685; x_wconf 92' lang='lat' dir='ltr'><strong>de</strong></span> <span class='ocrx_word' id='word_1_95' title='bbox 1121 1645 1196 1686; x_wconf 89' lang='lat' dir='ltr'><strong>vera</strong></span> 
     </span>
     <span class='ocr_line' id='line_1_14' title="bbox 129 1725 1196 1815; baseline 0 -25"><span class='ocrx_word' id='word_1_96' title='bbox 129 1728 272 1792; x_wconf 91' lang='lat' dir='ltr'><strong>hominis</strong></span> <span class='ocrx_word' id='word_1_97' title='bbox 290 1727 459 1791; x_wconf 89' lang='lat' dir='ltr'><strong>felicitate!</strong></span> <span class='ocrx_word' id='word_1_98' title='bbox 479 1750 550 1813; x_wconf 84' lang='lat' dir='ltr'><strong>quae</strong></span> <span class='ocrx_word' id='word_1_99' title='bbox 571 1727 665 1813; x_wconf 90' lang='lat' dir='ltr'><strong>plane</strong></span> <span class='ocrx_word' id='word_1_100' title='bbox 688 1725 851 1790; x_wconf 89' lang='lat' dir='ltr'><strong>declarant</strong></span> <span class='ocrx_word' id='word_1_101' title='bbox 872 1725 963 1789; x_wconf 91' lang='lat' dir='ltr'><strong>illum</strong></span> <span class='ocrx_word' id='word_1_102' title='bbox 986 1726 1051 1790; x_wconf 93' lang='lat' dir='ltr'><strong>hoc</strong></span> <span class='ocrx_word' id='word_1_103' title='bbox 1074 1726 1196 1815; x_wconf 84' lang='lat' dir='ltr'><strong>egisse,</strong></span> 
     </span>
     <span class='ocr_line' id='line_1_15' title="bbox 60 1830 1198 1922; baseline 0.003 -29"><span class='ocrx_word' id='word_1_104' title='bbox 60 1879 65 1893; x_wconf 71' lang='grc'><strong>,</strong></span> <span class='ocrx_word' id='word_1_105' title='bbox 130 1833 220 1922; x_wconf 89' lang='lat' dir='ltr'><strong>quod</strong></span> <span class='ocrx_word' id='word_1_106' title='bbox 248 1832 393 1897; x_wconf 90' lang='lat' dir='ltr'><strong>docebat.</strong></span> <span class='ocrx_word' id='word_1_107' title='bbox 423 1832 492 1894; x_wconf 88' lang='lat' dir='ltr'><strong>Jam</strong></span> <span class='ocrx_word' id='word_1_108' title='bbox 519 1853 595 1894; x_wconf 89' lang='lat' dir='ltr'><strong>vero</strong></span> <span class='ocrx_word' id='word_1_109' title='bbox 621 1831 653 1893; x_wconf 90' lang='lat' dir='ltr'><strong>in</strong></span> <span class='ocrx_word' id='word_1_110' title='bbox 682 1830 876 1918; x_wconf 85' lang='lat' dir='ltr'><strong>explicandis</strong></span> <span class='ocrx_word' id='word_1_111' title='bbox 907 1831 1003 1895; x_wconf 89' lang='lat' dir='ltr'><strong>rebus</strong></span> <span class='ocrx_word' id='word_1_112' title='bbox 1032 1831 1151 1918; x_wconf 90' lang='lat' dir='ltr'><strong>procul</strong></span> <span class='ocrx_word' id='word_1_113' title='bbox 1179 1855 1198 1896; x_wconf 89' lang='lat' dir='ltr'><strong>a</strong></span> 
     </span>
     <span class='ocr_line' id='line_1_16' title="bbox 130 1935 1199 2025; baseline -0.003 -22"><span class='ocrx_word' id='word_1_114' title='bbox 130 1940 297 2004; x_wconf 91' lang='lat' dir='ltr'><strong>communi</strong></span> <span class='ocrx_word' id='word_1_115' title='bbox 323 1960 420 2003; x_wconf 90' lang='lat' dir='ltr'><strong>sensu</strong></span> <span class='ocrx_word' id='word_1_116' title='bbox 449 1960 485 2000; x_wconf 91' lang='lat' dir='ltr'><strong>ac</strong></span> <span class='ocrx_word' id='word_1_117' title='bbox 514 1958 663 1999; x_wconf 89' lang='lat' dir='ltr'><strong>sermone</strong></span> <span class='ocrx_word' id='word_1_118' title='bbox 689 1936 839 2023; x_wconf 88' lang='lat' dir='ltr'><strong>populari</strong></span> <span class='ocrx_word' id='word_1_119' title='bbox 869 1935 1019 2018; x_wconf 92' lang='lat' dir='ltr'><strong>semotis,</strong></span> <span class='ocrx_word' id='word_1_120' title='bbox 1048 1958 1199 2025; x_wconf 86' lang='lat' dir='ltr'><strong>quasque</strong></span> 
     </span>
     <span class='ocr_line' id='line_1_17' title="bbox 131 2041 1199 2131; baseline -0.005 -22"><span class='ocrx_word' id='word_1_121' title='bbox 131 2044 226 2109; x_wconf 90' lang='lat' dir='ltr'><strong>multi</strong></span> <span class='ocrx_word' id='word_1_122' title='bbox 241 2043 456 2131; x_wconf 89' lang='lat' dir='ltr'><strong>desperabant</strong></span> <span class='ocrx_word' id='word_1_123' title='bbox 472 2064 605 2105; x_wconf 88' lang='lat' dir='ltr'><strong>romana</strong></span> <span class='ocrx_word' id='word_1_124' title='bbox 625 2041 736 2129; x_wconf 87' lang='lat' dir='ltr'><strong>lingua</strong></span> <span class='ocrx_word' id='word_1_125' title='bbox 751 2041 878 2104; x_wconf 88' lang='lat' dir='ltr'><strong>tractari</strong></span> <span class='ocrx_word' id='word_1_126' title='bbox 895 2063 1015 2128; x_wconf 85' lang='lat' dir='ltr'><strong>posse„</strong></span> <span class='ocrx_word' id='word_1_127' title='bbox 1026 2064 1098 2128; x_wconf 82' lang='lat' dir='ltr'><strong>quoe</strong></span> <span class='ocrx_word' id='word_1_128' title='bbox 1120 2064 1199 2130; x_wconf 92' lang='lat' dir='ltr'><strong>per-</strong></span> 
     </span>
     <span class='ocr_line' id='line_1_18' title="bbox 131 2145 1199 2237; baseline -0.003 -23"><span class='ocrx_word' id='word_1_129' title='bbox 131 2150 301 2237; x_wconf 84' lang='lat' dir='ltr'><strong>spicuitas,</strong></span> <span class='ocrx_word' id='word_1_130' title='bbox 319 2149 376 2237; x_wconf 93' lang='lat' dir='ltr'><strong>qui</strong></span> <span class='ocrx_word' id='word_1_131' title='bbox 394 2145 525 2228; x_wconf 87' lang='lat' dir='ltr'><strong>candor,</strong></span> <span class='ocrx_word' id='word_1_132' title='bbox 542 2168 613 2232; x_wconf 86' lang='lat' dir='ltr'><strong>quae</strong></span> <span class='ocrx_word' id='word_1_133' title='bbox 629 2145 779 2226; x_wconf 85' lang='lat' dir='ltr'><strong>facilitas,</strong></span> <span class='ocrx_word' id='word_1_134' title='bbox 800 2169 871 2233; x_wconf 88' lang='lat' dir='ltr'><strong>quae</strong></span> <span class='ocrx_word' id='word_1_135' title='bbox 888 2147 998 2233; x_wconf 90' lang='lat' dir='ltr'><strong>copia,</strong></span> <span class='ocrx_word' id='word_1_136' title='bbox 1014 2169 1086 2234; x_wconf 79' lang='lat' dir='ltr'><strong>quae</strong></span> <span class='ocrx_word' id='word_1_137' title='bbox 1102 2145 1199 2211; x_wconf 90' lang='lat' dir='ltr'><strong>deni·</strong></span> 
     </span>
     <span class='ocr_line' id='line_1_19' title="bbox 131 2250 1200 2343; baseline -0.001 -25"><span class='ocrx_word' id='word_1_138' title='bbox 131 2279 195 2343; x_wconf 90' lang='lat' dir='ltr'><strong>que</strong></span> <span class='ocrx_word' id='word_1_139' title='bbox 212 2254 382 2319; x_wconf 84' lang='lat' dir='ltr'><strong>festivitas!</strong></span> <span class='ocrx_word' id='word_1_140' title='bbox 402 2251 659 2339; x_wconf 89' lang='lat' dir='ltr'><strong>Philosophiam,</strong></span> <span class='ocrx_word' id='word_1_141' title='bbox 677 2273 748 2337; x_wconf 75' lang='lat' dir='ltr'><strong>quae</strong></span> <span class='ocrx_word' id='word_1_142' title='bbox 763 2250 905 2338; x_wconf 90' lang='lat' dir='ltr'><strong>primum</strong></span> <span class='ocrx_word' id='word_1_143' title='bbox 920 2251 955 2313; x_wconf 91' lang='lat' dir='ltr'><strong>in</strong></span> <span class='ocrx_word' id='word_1_144' title='bbox 971 2273 1080 2315; x_wconf 88' lang='lat' dir='ltr'><strong>rerum</strong></span> <span class='ocrx_word' id='word_1_145' title='bbox 1097 2269 1200 2317; x_wconf 88' lang='lat' dir='ltr'><strong>natu-</strong></span> 
     </span>
     <span class='ocr_line' id='line_1_20' title="bbox 131 2356 1201 2446; baseline -0.001 -23"><span class='ocrx_word' id='word_1_146' title='bbox 131 2361 246 2424; x_wconf 88' lang='lat' dir='ltr'><strong>ralium</strong></span> <span class='ocrx_word' id='word_1_147' title='bbox 265 2357 538 2446; x_wconf 89' lang='lat' dir='ltr'><strong>contemplatione</strong></span> <span class='ocrx_word' id='word_1_148' title='bbox 552 2372 724 2442; x_wconf 91' lang='lat' dir='ltr'><strong>occupata,</strong></span> <span class='ocrx_word' id='word_1_149' title='bbox 735 2356 849 2444; x_wconf 91' lang='lat' dir='ltr'><strong>procul</strong></span> <span class='ocrx_word' id='word_1_150' title='bbox 865 2356 976 2422; x_wconf 89' lang='lat' dir='ltr'><strong>aberat</strong></span> <span class='ocrx_word' id='word_1_151' title='bbox 993 2379 1012 2419; x_wconf 94' lang='lat' dir='ltr'><strong>a</strong></span> <span class='ocrx_word' id='word_1_152' title='bbox 1027 2356 1092 2421; x_wconf 87' lang='lat' dir='ltr'><strong>vita</strong></span> <span class='ocrx_word' id='word_1_153' title='bbox 1107 2380 1201 2422; x_wconf 86' lang='lat' dir='ltr'><strong>corn·</strong></span> 
     </span>
     <span class='ocr_line' id='line_1_21' title="bbox 131 2462 1200 2551; baseline 0 -22"><span class='ocrx_word' id='word_1_154' title='bbox 131 2466 242 2548; x_wconf 90' lang='lat' dir='ltr'><strong>muni,</strong></span> <span class='ocrx_word' id='word_1_155' title='bbox 266 2466 412 2529; x_wconf 87' lang='lat' dir='ltr'><strong>Socrates</strong></span> <span class='ocrx_word' id='word_1_156' title='bbox 436 2465 560 2551; x_wconf 88' lang='lat' dir='ltr'><strong>primus</strong></span> <span class='ocrx_word' id='word_1_157' title='bbox 590 2463 624 2525; x_wconf 93' lang='lat' dir='ltr'><strong>in</strong></span> <span class='ocrx_word' id='word_1_158' title='bbox 655 2478 754 2526; x_wconf 87' lang='lat' dir='ltr'><strong>terras</strong></span> <span class='ocrx_word' id='word_1_159' title='bbox 775 2478 873 2549; x_wconf 88' lang='lat' dir='ltr'><strong>atque</strong></span> <span class='ocrx_word' id='word_1_160' title='bbox 898 2462 994 2526; x_wconf 90' lang='lat' dir='ltr'><strong>etiam</strong></span> <span class='ocrx_word' id='word_1_161' title='bbox 1020 2463 1055 2525; x_wconf 94' lang='lat' dir='ltr'><strong>in</strong></span> <span class='ocrx_word' id='word_1_162' title='bbox 1080 2462 1200 2529; x_wconf 92' lang='lat' dir='ltr'><strong>domos</strong></span> 
     </span>
     <span class='ocr_line' id='line_1_22' title="bbox 132 2554 1198 2659; baseline -0.001 -24"><span class='ocrx_word' id='word_1_163' title='bbox 132 2570 302 2635; x_wconf 83' lang='lat' dir='ltr'><strong>deduxisse</strong></span> <span class='ocrx_word' id='word_1_164' title='bbox 316 2571 443 2659; x_wconf 89' lang='lat' dir='ltr'><strong>legitur.</strong></span> <span class='ocrx_word' id='word_1_165' title='bbox 459 2571 549 2633; x_wconf 89' lang='lat' dir='ltr'><strong>Plato</strong></span> <span class='ocrx_word' id='word_1_166' title='bbox 567 2585 599 2632; x_wconf 90' lang='lat' dir='ltr'><strong>et</strong></span> <span class='ocrx_word' id='word_1_167' title='bbox 614 2567 798 2632; x_wconf 88' lang='lat' dir='ltr'><strong>Aristoteles</strong></span> <span class='ocrx_word' id='word_1_168' title='bbox 814 2569 921 2632; x_wconf 89' lang='lat' dir='ltr'><strong>conati</strong></span> <span class='ocrx_word' id='word_1_169' title='bbox 937 2583 1014 2632; x_wconf 88' lang='lat' dir='ltr'><strong>suut</strong></span> <span class='ocrx_word' id='word_1_170' title='bbox 1027 2590 1098 2633; x_wconf 89' lang='lat' dir='ltr'><strong>eam</strong></span> <span class='ocrx_word' id='word_1_171' title='bbox 1116 2554 1149 2634; x_wconf 82' lang='lat' dir='ltr'><strong>et</strong></span> <span class='ocrx_word' id='word_1_172' title='bbox 1164 2572 1198 2634; x_wconf 94' lang='lat' dir='ltr'><strong>in</strong></span> 
     </span>
     <span class='ocr_line' id='line_1_23' title="bbox 100 2674 1201 2765; baseline 0.005 -29"><span class='ocrx_word' id='word_1_173' title='bbox 100 2734 107 2744; x_wconf 79' lang='grc'><strong>,,</strong></span> <span class='ocrx_word' id='word_1_174' title='bbox 131 2679 218 2742; x_wconf 91' lang='lat' dir='ltr'><strong>aulas</strong></span> <span class='ocrx_word' id='word_1_175' title='bbox 229 2699 370 2765; x_wconf 85' lang='lat' dir='ltr'><strong>regum,</strong></span> <span class='ocrx_word' id='word_1_176' title='bbox 389 2693 421 2740; x_wconf 94' lang='lat' dir='ltr'><strong>et</strong></span> <span class='ocrx_word' id='word_1_177' title='bbox 438 2676 472 2738; x_wconf 93' lang='lat' dir='ltr'><strong>in</strong></span> <span class='ocrx_word' id='word_1_178' title='bbox 495 2691 661 2756; x_wconf 90' lang='lat' dir='ltr'><strong>senatum,</strong></span> <span class='ocrx_word' id='word_1_179' title='bbox 689 2691 721 2738; x_wconf 88' lang='lat' dir='ltr'><strong>et</strong></span> <span class='ocrx_word' id='word_1_180' title='bbox 743 2675 777 2738; x_wconf 88' lang='lat' dir='ltr'><strong>iu</strong></span> <span class='ocrx_word' id='word_1_181' title='bbox 796 2675 864 2762; x_wconf 91' lang='lat' dir='ltr'><strong>ipsa</strong></span> <span class='ocrx_word' id='word_1_182' title='bbox 884 2674 1056 2739; x_wconf 87' lang='lat' dir='ltr'><strong>tribunalia</strong></span> <span class='ocrx_word' id='word_1_183' title='bbox 1072 2676 1201 2764; x_wconf 87' lang='lat' dir='ltr'><strong>produ·</strong></span> 
     </span>
     <span class='ocr_line' id='line_1_24' title="bbox 132 2780 1201 2868; baseline -0.001 -20"><span class='ocrx_word' id='word_1_184' title='bbox 132 2807 215 2849; x_wconf 88' lang='lat' dir='ltr'><strong>cere.</strong></span> <span class='ocrx_word' id='word_1_185' title='bbox 241 2782 297 2854; x_wconf 91' lang='grc' dir='ltr'><strong>Μ.Ι</strong></span> <span class='ocrx_word' id='word_1_186' title='bbox 311 2804 388 2845; x_wconf 90' lang='lat' dir='ltr'><strong>vero</strong></span> <span class='ocrx_word' id='word_1_187' title='bbox 412 2781 536 2845; x_wconf 89' lang='lat' dir='ltr'><strong>Tullius</strong></span> <span class='ocrx_word' id='word_1_188' title='bbox 556 2781 637 2844; x_wconf 91' lang='lat' dir='ltr'><strong>mihi</strong></span> <span class='ocrx_word' id='word_1_189' title='bbox 658 2780 786 2845; x_wconf 87' lang='lat' dir='ltr'><strong>videtur</strong></span> <span class='ocrx_word' id='word_1_190' title='bbox 804 2803 874 2844; x_wconf 90' lang='lat' dir='ltr'><strong>eam</strong></span> <span class='ocrx_word' id='word_1_191' title='bbox 893 2781 989 2844; x_wconf 86' lang='lat' dir='ltr'><strong>etiam</strong></span> <span class='ocrx_word' id='word_1_192' title='bbox 1009 2781 1043 2844; x_wconf 91' lang='lat' dir='ltr'><strong>in</strong></span> <span class='ocrx_word' id='word_1_193' title='bbox 1065 2804 1201 2868; x_wconf 90' lang='lat' dir='ltr'><strong>prosce-</strong></span> 
     </span>
     <span class='ocr_line' id='line_1_25' title="bbox 131 2885 1201 2975; baseline -0.002 -22"><span class='ocrx_word' id='word_1_194' title='bbox 131 2890 225 2954; x_wconf 88' lang='lat' dir='ltr'><strong>nium</strong></span> <span class='ocrx_word' id='word_1_195' title='bbox 241 2886 446 2975; x_wconf 83' lang='lat' dir='ltr'><strong>perduxisse,</strong></span> <span class='ocrx_word' id='word_1_196' title='bbox 463 2887 555 2966; x_wconf 88' lang='lat' dir='ltr'><strong>cujus</strong></span> <span class='ocrx_word' id='word_1_197' title='bbox 572 2909 670 2975; x_wconf 87' lang='lat' dir='ltr'><strong>opera</strong></span> <span class='ocrx_word' id='word_1_198' title='bbox 688 2887 733 2950; x_wconf 90' lang='lat' dir='ltr'><strong>sic</strong></span> <span class='ocrx_word' id='word_1_199' title='bbox 750 2886 841 2974; x_wconf 91' lang='lat' dir='ltr'><strong>loqui</strong></span> <span class='ocrx_word' id='word_1_200' title='bbox 861 2885 993 2968; x_wconf 85' lang='lat' dir='ltr'><strong>didicit,</strong></span> <span class='ocrx_word' id='word_1_201' title='bbox 1016 2901 1052 2949; x_wconf 89' lang='lat' dir='ltr'><strong>ut</strong></span> <span class='ocrx_word' id='word_1_202' title='bbox 1073 2889 1201 2973; x_wconf 91' lang='lat' dir='ltr'><strong>promi·</strong></span> 
     </span>
     <span class='ocr_line' id='line_1_26' title="bbox 131 2982 1202 3082; baseline 0 -23"><span class='ocrx_word' id='word_1_203' title='bbox 131 3017 247 3060; x_wconf 91' lang='lat' dir='ltr'><strong>scuum</strong></span> <span class='ocrx_word' id='word_1_204' title='bbox 263 2993 359 3056; x_wconf 87' lang='lat' dir='ltr'><strong>etiam</strong></span> <span class='ocrx_word' id='word_1_205' title='bbox 376 2993 492 3081; x_wconf 87' lang='lat' dir='ltr'><strong>vulgus</strong></span> <span class='ocrx_word' id='word_1_206' title='bbox 509 2993 610 3081; x_wconf 94' lang='lat' dir='ltr'><strong>possit</strong></span> <span class='ocrx_word' id='word_1_207' title='bbox 622 2991 825 3082; x_wconf 88' lang='lat' dir='ltr'><strong>applaudere.</strong></span> <span class='ocrx_word' id='word_1_208' title='bbox 841 2993 947 3079; x_wconf 91' lang='lat' dir='ltr'><strong>Atque</strong></span> <span class='ocrx_word' id='word_1_209' title='bbox 958 2992 1056 3072; x_wconf 86' lang='lat' dir='ltr'><strong>hujus</strong></span> <span class='ocrx_word' id='word_1_210' title='bbox 1071 2982 1202 3081; x_wconf 74' lang='lat' dir='ltr'><strong>generis</strong></span> 
     </span>
     <span class='ocr_line' id='line_1_27' title="bbox 131 3095 1201 3185; baseline -0.001 -21"><span class='ocrx_word' id='word_1_211' title='bbox 131 3117 198 3164; x_wconf 89' lang='lat' dir='ltr'><strong>tam</strong></span> <span class='ocrx_word' id='word_1_212' title='bbox 218 3099 338 3162; x_wconf 91' lang='lat' dir='ltr'><strong>multos</strong></span> <span class='ocrx_word' id='word_1_213' title='bbox 356 3099 455 3162; x_wconf 90' lang='lat' dir='ltr'><strong>libros</strong></span> <span class='ocrx_word' id='word_1_214' title='bbox 474 3097 600 3185; x_wconf 86' lang='lat' dir='ltr'><strong>scripsit</strong></span> <span class='ocrx_word' id='word_1_215' title='bbox 617 3099 666 3161; x_wconf 87' lang='lat' dir='ltr'><strong>vir</strong></span> <span class='ocrx_word' id='word_1_216' title='bbox 683 3097 736 3161; x_wconf 90' lang='lat' dir='ltr'><strong>ille</strong></span> <span class='ocrx_word' id='word_1_217' title='bbox 757 3095 952 3162; x_wconf 89' lang='lat' dir='ltr'><strong>difficillimis</strong></span> <span class='ocrx_word' id='word_1_218' title='bbox 977 3099 1201 3185; x_wconf 87' lang='lat' dir='ltr'><strong>temporibus,</strong></span> 
     </span>
     <span class='ocr_line' id='line_1_28' title="bbox 91 3198 1201 3292; baseline -0.003 -21"><span class='ocrx_word' id='word_1_219' title='bbox 91 3198 93 3202; x_wconf 22' lang='lat'>⁸</span> <span class='ocrx_word' id='word_1_220' title='bbox 132 3227 326 3292; x_wconf 90' lang='lat' dir='ltr'><strong>summoque</strong></span> <span class='ocrx_word' id='word_1_221' title='bbox 349 3203 532 3292; x_wconf 87' lang='lat' dir='ltr'><strong>reipublicae</strong></span> <span class='ocrx_word' id='word_1_222' title='bbox 555 3199 717 3284; x_wconf 89' lang='lat' dir='ltr'><strong>tumultu,</strong></span> <span class='ocrx_word' id='word_1_223' title='bbox 740 3203 903 3290; x_wconf 88' lang='lat' dir='ltr'><strong>quosdam</strong></span> <span class='ocrx_word' id='word_1_224' title='bbox 922 3203 1019 3267; x_wconf 83' lang='lat' dir='ltr'><strong>etiam</strong></span> <span class='ocrx_word' id='word_1_225' title='bbox 1041 3204 1141 3268; x_wconf 89' lang='lat' dir='ltr'><strong>rebus</strong></span> <span class='ocrx_word' id='word_1_226' title='bbox 1165 3205 1201 3268; x_wconf 90' lang='lat' dir='ltr'><strong>in</strong></span> 
     </span>
     <span class='ocr_line' id='line_1_29' title="bbox 132 3307 1202 3398; baseline -0.001 -24"><span class='ocrx_word' id='word_1_227' title='bbox 132 3333 292 3375; x_wconf 88' lang='lat' dir='ltr'><strong>summam</strong></span> <span class='ocrx_word' id='word_1_228' title='bbox 315 3307 747 3398; x_wconf 85' lang='lat' dir='ltr'><strong>desperationemadductis.</strong></span> <span class='ocrx_word' id='word_1_229' title='bbox 771 3310 815 3373; x_wconf 88' lang='lat' dir='ltr'><strong>Et</strong></span> <span class='ocrx_word' id='word_1_230' title='bbox 836 3331 903 3373; x_wconf 90' lang='lat' dir='ltr'><strong>non</strong></span> <span class='ocrx_word' id='word_1_231' title='bbox 929 3309 1032 3397; x_wconf 86' lang='lat' dir='ltr'><strong>pudet</strong></span> <span class='ocrx_word' id='word_1_232' title='bbox 1052 3330 1113 3373; x_wconf 90' lang='lat' dir='ltr'><strong>nos</strong></span> <span class='ocrx_word' id='word_1_233' title='bbox 1137 3333 1202 3374; x_wconf 90' lang='lat' dir='ltr'><strong>no·</strong></span> 
     </span>
     <span class='ocr_line' id='line_1_30' title="bbox 131 3413 1203 3503; baseline -0.001 -23"><span class='ocrx_word' id='word_1_234' title='bbox 131 3436 270 3482; x_wconf 87' lang='lat' dir='ltr'><strong>strarum</strong></span> <span class='ocrx_word' id='word_1_235' title='bbox 286 3417 585 3482; x_wconf 89' lang='lat' dir='ltr'><strong>confabulationum</strong></span> <span class='ocrx_word' id='word_1_236' title='bbox 600 3434 696 3503; x_wconf 87' lang='lat' dir='ltr'><strong>atque</strong></span> <span class='ocrx_word' id='word_1_237' title='bbox 713 3413 958 3479; x_wconf 76' lang='lat' dir='ltr'><strong>conviviorum!</strong></span> <span class='ocrx_word' id='word_1_238' title='bbox 973 3437 1077 3502; x_wconf 91' lang='lat' dir='ltr'><strong>quum</strong></span> <span class='ocrx_word' id='word_1_239' title='bbox 1091 3414 1203 3479; x_wconf 85' lang='lat' dir='ltr'><strong>videa·</strong></span> 
     </span>
     <span class='ocr_line' id='line_1_31' title="bbox 70 3519 1203 3587; baseline -0.002 -1"><span class='ocrx_word' id='word_1_240' title='bbox 70 3536 72 3543; x_wconf 80' lang='grc'>’</span> <span class='ocrx_word' id='word_1_241' title='bbox 131 3546 205 3587; x_wconf 91' lang='lat' dir='ltr'><strong>mus</strong></span> <span class='ocrx_word' id='word_1_242' title='bbox 234 3522 383 3586; x_wconf 87' lang='lat' dir='ltr'><strong>homines</strong></span> <span class='ocrx_word' id='word_1_243' title='bbox 407 3521 553 3585; x_wconf 84' lang='lat' dir='ltr'><strong>ethnicos</strong></span> <span class='ocrx_word' id='word_1_244' title='bbox 582 3537 648 3585; x_wconf 91' lang='lat' dir='ltr'><strong>tam</strong></span> <span class='ocrx_word' id='word_1_245' title='bbox 676 3520 793 3585; x_wconf 89' lang='lat' dir='ltr'><strong>sanctis</strong></span> <span class='ocrx_word' id='word_1_246' title='bbox 815 3519 1147 3584; x_wconf 90' lang='lat' dir='ltr'><strong>commentationibus</strong></span> <span class='ocrx_word' id='word_1_247' title='bbox 1169 3537 1203 3584; x_wconf 89' lang='lat' dir='ltr'><strong>et</strong></span> 
     </span>
     <span class='ocr_line' id='line_1_32' title="bbox 132 3609 1202 3714; baseline -0.004 -22"><span class='ocrx_word' id='word_1_248' title='bbox 132 3619 254 3708; x_wconf 84' lang='lat' dir='ltr'><strong>otium,</strong></span> <span class='ocrx_word' id='word_1_249' title='bbox 274 3625 363 3714; x_wconf 94' lang='lat' dir='ltr'><strong>quod</strong></span> <span class='ocrx_word' id='word_1_250' title='bbox 384 3625 480 3690; x_wconf 91' lang='lat' dir='ltr'><strong>dabat</strong></span> <span class='ocrx_word' id='word_1_251' title='bbox 498 3627 680 3714; x_wconf 84' lang='lat' dir='ltr'><strong>reipublicae</strong></span> <span class='ocrx_word' id='word_1_252' title='bbox 701 3609 878 3706; x_wconf 87' lang='lat' dir='ltr'><strong>calamitas,</strong></span> <span class='ocrx_word' id='word_1_253' title='bbox 905 3626 1113 3714; x_wconf 87' lang='lat' dir='ltr'><strong>transegisse,</strong></span> <span class='ocrx_word' id='word_1_254' title='bbox 1140 3648 1202 3689; x_wconf 92' lang='lat' dir='ltr'><strong>nec</strong></span> 
     </span>
     <span class='ocr_line' id='line_1_33' title="bbox 92 3730 1203 3827; baseline -0.004 -29"><span class='ocrx_word' id='word_1_255' title='bbox 92 3806 95 3812; x_wconf 89' lang='lat'><em>.</em></span> <span class='ocrx_word' id='word_1_256' title='bbox 132 3735 172 3798; x_wconf 88' lang='lat' dir='ltr'><strong>ab</strong></span> <span class='ocrx_word' id='word_1_257' title='bbox 189 3733 305 3820; x_wconf 84' lang='lat' dir='ltr'><strong>ineptis</strong></span> <span class='ocrx_word' id='word_1_258' title='bbox 323 3732 541 3827; x_wconf 86' lang='lat' dir='ltr'><strong>voluptatibus</strong></span> <span class='ocrx_word' id='word_1_259' title='bbox 560 3733 742 3819; x_wconf 76' lang='lat' dir='ltr'><strong>quaesivisse</strong></span> <span class='ocrx_word' id='word_1_260' title='bbox 763 3732 879 3796; x_wconf 89' lang='lat' dir='ltr'><strong>mentis</strong></span> <span class='ocrx_word' id='word_1_261' title='bbox 901 3746 1126 3812; x_wconf 87' lang='lat' dir='ltr'><strong>avocamenta,</strong></span> <span class='ocrx_word' id='word_1_262' title='bbox 1144 3730 1203 3794; x_wconf 93' lang='lat' dir='ltr'><strong>sed</strong></span> 
     </span>
     <span class='ocr_line' id='line_1_34' title="bbox 91 3826 1200 3927; baseline -0.004 -25"><span class='ocrx_word' id='word_1_263' title='bbox 91 3826 94 3833; x_wconf 38' lang='lat'>⁵</span> <span class='ocrx_word' id='word_1_264' title='bbox 131 3863 149 3902; x_wconf 89' lang='lat' dir='ltr'><strong>a</strong></span> <span class='ocrx_word' id='word_1_265' title='bbox 176 3838 383 3903; x_wconf 90' lang='lat' dir='ltr'><strong>sanctissimis</strong></span> <span class='ocrx_word' id='word_1_266' title='bbox 412 3838 624 3927; x_wconf 84' lang='lat' dir='ltr'><strong>philosophiae</strong></span> <span class='ocrx_word' id='word_1_267' title='bbox 654 3838 819 3926; x_wconf 85' lang='lat' dir='ltr'><strong>praeceptis</strong></span> <span class='ocrx_word' id='word_1_268' title='bbox 850 3836 979 3925; x_wconf 88' lang='lat' dir='ltr'><strong>petiisse</strong></span> <span class='ocrx_word' id='word_1_269' title='bbox 1006 3835 1200 3924; x_wconf 90' lang='lat' dir='ltr'><strong>remedium.</strong></span> 
     </span>
     <span class='ocr_line' id='line_1_35' title="bbox 133 3934 1201 4033; baseline -0.005 -26"><span class='ocrx_word' id='word_1_270' title='bbox 133 3943 222 4025; x_wconf 88' lang='lat' dir='ltr'><strong>Quid</strong></span> <span class='ocrx_word' id='word_1_271' title='bbox 243 3943 310 4006; x_wconf 93' lang='lat' dir='ltr'><strong>aliis</strong></span> <span class='ocrx_word' id='word_1_272' title='bbox 332 3943 470 4021; x_wconf 90' lang='lat' dir='ltr'><strong>accidat,</strong></span> <span class='ocrx_word' id='word_1_273' title='bbox 489 3944 622 4008; x_wconf 90' lang='lat' dir='ltr'><strong>nescio:</strong></span> <span class='ocrx_word' id='word_1_274' title='bbox 649 3934 700 4007; x_wconf 86' lang='lat' dir='ltr'><strong>me</strong></span> <span class='ocrx_word' id='word_1_275' title='bbox 718 3944 878 4033; x_wconf 89' lang='lat' dir='ltr'><strong>legentem</strong></span> <span class='ocrx_word' id='word_1_276' title='bbox 898 3943 943 4006; x_wconf 90' lang='lat' dir='ltr'><strong>sic</strong></span> <span class='ocrx_word' id='word_1_277' title='bbox 966 3940 1093 4006; x_wconf 86' lang='lat' dir='ltr'><strong>afficere</strong></span> <span class='ocrx_word' id='word_1_278' title='bbox 1117 3940 1201 4003; x_wconf 90' lang='lat' dir='ltr'><strong>solet</strong></span> 
     </span>
     <span class='ocr_line' id='line_1_36' title="bbox 131 4045 1202 4136; baseline -0.005 -22"><span class='ocrx_word' id='word_1_279' title='bbox 131 4050 177 4114; x_wconf 85' lang='lat' dir='ltr'><strong>M.</strong></span> <span class='ocrx_word' id='word_1_280' title='bbox 191 4049 334 4130; x_wconf 86' lang='lat' dir='ltr'><strong>Tullius,</strong></span> <span class='ocrx_word' id='word_1_281' title='bbox 349 4053 524 4136; x_wconf 70' lang='lat' dir='ltr'><strong>prasertim</strong></span> <span class='ocrx_word' id='word_1_282' title='bbox 542 4051 599 4116; x_wconf 91' lang='lat' dir='ltr'><strong>ubi</strong></span> <span class='ocrx_word' id='word_1_283' title='bbox 615 4049 655 4115; x_wconf 92' lang='lat' dir='ltr'><strong>de</strong></span> <span class='ocrx_word' id='word_1_284' title='bbox 672 4051 755 4115; x_wconf 87' lang='lat' dir='ltr'><strong>bene</strong></span> <span class='ocrx_word' id='word_1_285' title='bbox 772 4050 910 4114; x_wconf 89' lang='lat' dir='ltr'><strong>vivendo</strong></span> <span class='ocrx_word' id='word_1_286' title='bbox 927 4048 1071 4129; x_wconf 87' lang='lat' dir='ltr'><strong>disserit,</strong></span> <span class='ocrx_word' id='word_1_287' title='bbox 1086 4061 1125 4110; x_wconf 91' lang='lat' dir='ltr'><strong>ut</strong></span> <span class='ocrx_word' id='word_1_288' title='bbox 1142 4045 1202 4109; x_wconf 90' lang='lat' dir='ltr'><strong>du-</strong></span> 
     </span>
    </p>
   </div>
   <div class='ocr_carea' id='block_1_3' title="bbox 0 0 1352 4816">
    <p class='ocr_par' dir='ltr' id='par_1_3' title="bbox 0 0 1352 4816">
     <span class='ocr_line' id='line_1_37' title="bbox 0 0 1352 4816; baseline 0 0"><span class='ocrx_word' id='word_1_289' title='bbox 0 0 1352 4816; x_wconf 95' lang='lat' dir='ltr'><strong> </strong></span> 
     </span>
    </p>
   </div>
  </div>
 </body>
</html>
