2670 4816
203 356 274 451 xxij
531 349 664 420 Novi
693 349 954 418 annonis
1061 360 1062 365 Ν

181 474 184 481 ’
204 492 321 588 copiis
333 500 370 558 et
384 488 422 557 in
439 507 521 555 suas
531 482 661 554 classes
674 483 840 579 digestis,
851 484 960 554 etiam
972 497 1082 581 atque
1097 485 1206 556 etiam
1220 509 1279 558 co·

203 612 381 714 gitabam‚
398 607 488 706 qnid
504 631 653 703 quoque
673 608 713 676 in
726 607 814 678 'loco
832 605 1010 678 librorum
1029 611 1224 682 auctoritas
1243 627 1281 684 et

205 736 319 825 fides,
345 731 443 830 quid
464 731 563 827 leges
591 729 796 817 latinitatis,
818 731 908 826 quid
929 734 1166 804 Ciceroniana
1188 757 1280 804 con·
1309 747 1316 760 ’

205 857 366 932 suetudo
379 879 443 927 seu
453 853 628 949 elegantia
643 852 700 923 vel
717 851 937 950 postularet,
954 854 1012 925 vel
1026 853 1207 943 suaderet,
1222 856 1282 927 vel

206 985 370 1078 denique
391 975 513 1049 ferret.
530 979 584 1046 lta
602 972 736 1046 factum
755 991 830 1063 est,
852 992 916 1066 ut,
933 1003 1049 1075 quum
1070 979 1213 1052 nullum
1235 1005 1282 1053 ex

148 1083 149 1087 Ἰ
205 1107 313 1183 editis
329 1100 504 1200 exemplis
522 1099 712 1189 deserere,
736 1100 828 1170 nulli
843 1125 906 1172 me
921 1095 1095 1173 serviliter
1113 1101 1284 1177 addicere
1323 1177 1327 1184 ,

206 1231 359 1313 vellem,
374 1227 452 1298 liaec
469 1246 564 1294 nova
579 1219 820 1293 conformatio
839 1235 959 1293 textus
979 1243 1005 1292 a
1016 1224 1204 1320 superiore
1220 1224 1282 1296 illa

173 1417 177 1425 .
206 1352 330 1426 multis
347 1345 510 1448 partibus
524 1342 745 1431 discederet,
763 1359 800 1415 et
817 1343 898 1416 talis
914 1343 1033 1436 fieret,
1045 1360 1088 1416 ut
1105 1345 1203 1418 illius
1219 1363 1283 1419 aut

205 1479 297 1551 alius
321 1474 536 1570 cujusquam
562 1467 732 1539 editionis
763 1493 838 1539 non
870 1471 983 1567 magis
1006 1494 1189 1542 consensu
1216 1471 1303 1544 de·,

82 1668 86 1681 ,
207 1597 323 1685 fendi',
348 1619 458 1693 quam
481 1591 648 1663 dissensu
669 1588 784 1662 refelli
812 1605 848 1662 et
869 1594 1016 1690 coargui
1038 1609 1172 1692 posset.
1196 1599 1282 1668 Non

209 1721 340 1794 desunt
353 1732 473 1789 tamen
492 1715 580 1801 loci,
600 1713 666 1784 ubi
687 1717 726 1784 in
747 1713 849 1785 nullo
867 1715 991 1787 codice
1012 1741 1161 1788 manum
1181 1719 1284 1791 Cice-

207 1845 312 1917 ronis·
330 1866 408 1913 non
427 1839 655 1912 obliteratam
674 1862 771 1926 esse,
792 1840 870 1936 ipsa
893 1837 1133 1937 discrepantia
1157 1841 1286 1913 lectio·

208 1993 299 2040 num
316 1966 374 2038 vel
396 1964 472 2035 alite·
496 1963 654 2033 rationes
674 1959 933 2032 demonstrent.
954 1962 1100 2034 Talibus
1126 1965 1166 2033 in
1192 1965 1286 2038 locis

207 2064 361 2192 operam·
379 2087 465 2158 dedi
481 2084 631 2172 sedulo,
658 2097 700 2153 ut
717 2097 898 2180 quantum
916 2107 938 2153 a
955 2083 1065 2155 stulta
1085 2083 1289 2182 religione,

207 2243 289 2316 quae
309 2228 432 2285 vetera
451 2211 535 2280 vitia
553 2222 589 2279 et
606 2222 736 2278 vetera.
748 2208 835 2278 vina
847 2207 950 2302 juxta
965 2209 1132 2294 aestimat,
1153 2222 1285 2279 namra

208 2364 290 2411 mea
308 2336 489 2421 abessem,
510 2345 651 2402 tantum
675 2331 925 2402 atemeritate
946 2345 985 2401 et
1006 2331 1149 2402 lascivia
1167 2333 1283 2404 corri-

207 2460 318 2560 gendi
332 2476 487 2528 manum·
497 2452 717 2526 cohiberem.
735 2455 875 2551 Nempe
898 2467 953 2524 est
972 2454 1011 2523 in
1030 2454 1169 2541 critica,
1183 2470 1227 2526 ut
1244 2456 1283 2525 in

209 2582 338 2655 ceteris
354 2576 492 2650 artibus
508 2577 714 2674 plerisque,
733 2589 770 2647 et
787 2577 826 2646 in
847 2577 926 2675 ipsa
947 2579 1088 2648 ratione
1110 2577 1208 2650 bene
1230 2583 1285 2651 vi·-

210 2703 335 2792 vendi,
361 2703 465 2800 quasi
483 2698 602 2771 media
622 2701 679 2768 via
696 2699 880 2796 quaedam,
904 2704 1001 2795 inter
1019 2699 1110 2772 duas
1126 2704 1286 2775 maxime

209 2830 407 2926 disjunctas
432 2823 478 2895 ad
505 2847 631 2894 verum
660 2838 700 2894 et.
720 2821 911 2921 probabile
938 2829 1102 2922 proxime
1130 2824 1285 2917 ducens,

210 2977 292 3052 quea
313 2966 357 3021 ut
379 2946 587 3044 regularum
610 2946 852 3044 preceptione
872 2953 949 3017 non
969 2944 1218 3038 contineatur,
1232 2951 1287 3038 in,-

209 3079 316 3178 genio
338 3090 461 3145 tamen
481 3085 517 3142 et
535 3085 610 3141 arte
626 3068 900 3167 quodammodo
919 3072 1047 3170 attingi
1062 3073 1186 3169 possit.
1196 3076 1286 3144 Eam

209 3205 305 3274 viam
315 3198 460 3294 'ubique
476 3210 599 3266 tenere
617 3191 760 3281 studui,
777 3217 819 3264 ac
835 3195 864 3264 si
880 3180 955 3264 non
970 3194 1078 3292 plane
1092 3191 1287 3267 infeliciter

210 3327 371 3398 tenuisse
392 3319 518 3420 peritis
535 3315 699 3402 videbor,
717 3317 755 3386 in
771 3315 1047 3414 Wopkensianae
1071 3331 1175 3389 sectae
1200 3341 1286 3389 con-

105 3501 109 3507 ·
210 3451 305 3521 vicio
325 3444 428 3517 facile
449 3465 508 3512 me
535 3437 766 3552 consolabor.
790 3443 961 3532 Fremant
981 3439 1082 3527 licet,
1101 3439 1204 3536 quod
1230 3454 1287 3511 tot

211 3568 421 3664 tamdiuque
448 3575 662 3661 propagatas
693 3561 869 3633 lectiones
904 3564 1091 3650 mutarim,
1115 3576 1172 3634 tot
1200 3563 1286 3636 reli-

212 3694 317 3792 quias
344 3689 504 3787 stuporis
532 3683 782 3757 Gebhardiani
811 3683 1033 3779 expulerim,
1060 3684 1162 3780 quod
1194 3686 1289 3758 adeo

212 3836 489 3909 nonnumquam
512 3811 635 3881 locum
661 3807 825 3878 dederim
847 3808 1091 3903 conjectura:
1118 3813 1168 3880 sic
1187 3813 1287 3882 enim

143 3935 145 3940 ’
209 3935 416 4036 appellant,
433 3955 674 4029 quaecumque
693 3930 770 4000 sine
789 3931 1002 4001 auctoritate
1021 3929 1210 4019 codicum,
1228 3932 1285 4004 vel

214 4064 251 4134 in
269 4053 457 4129 manifesta
476 4053 706 4126 librariorum
725 4051 852 4126 fraude
870 4051 1065 4124 adhibetur
1085 4057 1288 4128 correctio:
