2670 4816
227 385 301 432 m
618 366 896 461 nuenario.

260 555 516 636 Manouannus
539 555 681 622 Gunms
709 552 929 624 cotenon
952 577 1018 623 nin.
1046 556 1083 642 l,
1107 578 1183 624 rar.
1209 553 1265 626 25.

271 751 419 818 «Exstat
436 745 587 819 Lutetiae
603 747 641 816 in
660 742 881 821 bibliotheca
900 752 1012 847 Regia
1024 752 1211 821 Ciceronis
1222 750 1298 822 Tu·

224 862 453 963 sculan'arurn
469 854 730 952 'Quaestionum
755 864 870 935 codex
884 866 1156 936 'vetustissimus
1177 880 1215 937 et
1237 871 1296 938 in·

223 975 493 1076 comparabilis,
510 1002 577 1075 per
592 1003 718 1050 versus
735 978 962 1052 distinctus».

221 1192 312 1212 vum
317 1188 1292 1216 mmmmmwbmmmmwuwtmmwtmm

397 1384 657 1490 aaron
699 1369 1109 1491 rannarro.

626 1627 864 1652 ...no—tb-

219 1752 317 1903 an
330 1829 353 1874 a
379 1817 465 1874 sunt
482 1805 520 1872 in
544 1802 695 1906 primis,
707 1824 788 1900 quae
805 1804 938 1895 veteris
955 1805 1113 1876 auctoris
1134 1806 1291 1902 alicujus

213 1911 393 2015 interpres
406 1915 444 1986 in
458 1915 616 2014 paranda
631 1915 710 2010 ejus
725 1915 818 1986 nora
833 1916 992 1990 editione
1009 1917 1079 1990 sibi
1093 1917 1144 1990 ob
1161 1921 1291 1997 oculos

137 2084 140 2095 -
210 2025 351 2132 'ponere
371 2057 413 2103 ac
432 2032 535 2129 sequi
558 2030 659 2104 solet.
682 2035 772 2124 Nam
792 2045 855 2101 ant
872 2041 993 2103 textus
1009 2035 1107 2131 κρῑσιν
1126 2040 1287 2132 spectat,

212 2149 500 2247 scriptoremque
519 2165 625 2218 suum
647 2170 667 2218 a
684 2145 851 2229 maculis,
870 2170 961 2243 quas
978 2146 1210 2219 librariorum
1228 2148 1287 2221 vel

207 2253 430 2360 ignorantia,
454 2260 510 2331 vel
536 2261 674 2332 incuria
695 2275 731 2332 et
750 2259 961 2332 oscitatione
981 2263 1105 2350 traxit,
1125 2275 1287 2362 purgan-¹

39 2448 41 2455 ,
107 2389 124 2414 s
209 2372 299 2447 dum
320 2373 389 2446 sibi
408 2375 539 2462 sumit;
558 2389 621 2446 aut
639 2375 812 2446 orationis
829 2377 958 2445 seriem
977 2398 1188 2473 nexumque
1208 2400 1287 2463 sen-

197 2477 407 2562 tentiarum
426 2485 630 2562 luculenter
653 2511 695 2561 ae
715 2494 906 2588 perspicue
932 2492 1062 2562 sistere,
1081 2492 1307 2582 annititnr3‘

208 2622 272 2677 aut
293 2604 452 2703 denique
473 2603 616 2702 singula
636 2602 853 2677 vocabulae
879 2605 1118 2702 grammaticis
1135 2608 1287 2680 rationi·

205 2717 276 2817 bus
300 2716 474 2808 illustrat,
501 2720 609 2792 simul
625 2746 672 2792 -ca
693 2735 838 2808 monet,
866 2742 946 2819 qnae
967 2721 1115 2793 nonnisi
1133 2720 1282 2797 histori-

204 2858 332 2926 corum
348 2831 650 2908 adminiculorum
667 2856 735 2935 ope
751 2849 849 2907 recte
868 2821 1021 2934 intelligi
1041 2850 1206 2935 possunt.

254 2948 310 3024 Ad
323 2940 457 3024 munus
475 2951 639 3023 criticum
657 2946 758 3049 quod
772 2948 918 3038 attinet,
938 2973 1121 3036 summum
1133 2951 1225 3049 illud
1240 2978 1283 3027 ac

204 3064 453 3168 gratissimum
469 3067 678 3166 interpretis
692 3090 790 3152 esse,
809 3062 977 3139 lubenter
997 3064 1185 3166 profiteor.
1204 3068 1282 3142 Dit-

203 3183 346 3255 ficulter
370 3182 465 3254 enim
489 3178 659 3279 procedat
683 3180 823 3278 reliqua
848 3183 1101 3280 interpretatio
1130 3193 1280 3257 necesse
1320 3198 1325 3212 '

203 3312 273 3379 est,
285 3298 352 3368 nisi
366 3310 486 3367 textus
498 3297 633 3393 priusa
651 3295 760 3365 naevis
778 3307 952 3398 purgatus
967 3295 1013 3366 sit
1031 3309 1141 3391 atque
1159 3321 1281 3368 emen·

119 3401 121 3410 ¹
204 3412 325 3500 datus;
342 3409 453 3481 facilis
468 3428 487 3480 e
508 3408 689 3480 contrario
706 3406 810 3479 labor·
828 3406 872 3478 de
888 3408 1051 3504 ejusdem
1067 3411 1279 3507 integritate

204 3547 350 3608 securo;
366 3527 415 3595 ita
432 3539 474 3594 ut
492 3523 716 3594 verissimum
727 3523 903 3609 videatur,
922 3537 1063 3593 textum
1083 3521 1178 3595 bene
1192 3550 1279 3596 con-

201 3637 366 3709 stitutum
381 3633 575 3704 maximam
594 3648 733 3732 partem
752 3633 833 3704 loco
855 3635 1065 3730 interpretis
1084 3658 1174 3704 csse.

175 3789 177 3793 ·
248 3741 434 3822 Ciceronis
456 3753 586 3848 scripta
604 3748 855 3847 philosophica
872 3750 910 3818 in
930 3748 1055 3847 primis
1072 3748 1168 3820 banc
1190 3730 1277 3848 ope·

198 3888 276 3938 ram
293 3853 451 3936 criticam
468 3864 672 3936 desiderare
689 3864 805 3934 cuivis·
820 3868 873 3934 rei
894 3864 1012 3960 perito
1034 3862 1194 3934 obvium'
1207 3868 1274 3936 est.

32 4018 35 4029 ,
103 4073 106 4078 ,
194 3983 233 4052 Si
257 3979 368 4051 libros
392 3979 435 4051 de
456 3979 622 4067 Officiis,
643 3979 951 4076 Heusingerorum
973 4003 1062 4050 cura
1083 3981 1276 4076 castigatos

198 4097 371 4194 excipias,
387 4109 469 4194 post
487 4098 691 4168 Ernestium
706 4093 796 4166 nulli
813 4091 887 4166 fere
907 4096 1046 4188 criticas
1066 4095 1195 4165 marrus
1213 4094 1276 4166 ad·
