2670 4816
66 332 74 351 “
140 458 142 464 .
204 366 263 434 nv
395 455 400 465 Ι
532 366 665 435 novr
697 368 957 436 norronts

204 500 389 587 Ernestio,
404 498 563 587 Oliveto,
578 471 748 570 Schiitzio
764 498 966 586 debentur,
993 498 1089 569 inter
1107 498 1281 595 speciales

99 626 108 639 “
205 622 401 710 editiones,
415 623 482 693 illae
496 622 705 720 prasertim
707 648 798 721 quas
809 623 997 694 Davisius
985 647 1058 718 Jam
1071 625 1155 694 satis
1170 623 1282 719 longo

206 744 341 817 abhinc
359 760 542 844 tempore,
564 745 657 816 Frid
679 750 771 842 Aug
786 744 996 835 Wolfiusr
964 745 1036 843 (1,)
1061 751 1148 817 etJ.
1173 750 1217 817 G
1240 750 1282 817 C

204 867 367 967 Neide(a
347 870 581 965 a)reeentius
605 867 835 941 effinxerunt.

253 996 336 1091 Ipsa
349 1008 471 1063 autem
486 992 621 1064 Davisii
636 993 747 1069 editio
765 1007 821 1064 ter
838 993 966 1087 iterata
982 989 1072 1080 suit,
1089 996 1138 1063 ita
1153 1006 1197 1062 ut
1211 992 1284 1063 sub

103 1130 105 1135 “
205 1100 317 1187 unius
341 1117 498 1186 auctoris
517 1117 667 1187 nomine
687 1132 760 1189 tres
778 1119 850 1187 sint
873 1139 1023 1214 prorsus
1044 1115 1192 1187 diversa
1211 1116 1284 1186 edi·

163 1229 172 1240 ’
207 1241 335 1311 tiones.
360 1244 417 1310 De
439 1237 574 1336 quibus
591 1240 642 1311 sic
664 1241 757 1311 Rud.
785 1238 994 1311 Godohold.
1016 1239 1188 1328 Rathius,
1217 1242 1308 1343 qui¹

90 1447 93 1458 1
206 1365 284 1461 ipse
306 1365 447 1435 tertiam
468 1363 603 1434 Davisii
623 1360 819 1434 editionem
840 1386 924 1433 cum
940 1362 1109 1433 Richardi
1130 1361 1284 1433 Bentleii

206 1485 524 1558 emendationibus
541 1489 674 1559 iterum
692 1484 806 1557 edidit
827 1485 905 1556 Hal.
927 1490 1112 1557 Saxonum
1134 1482 1247 1558 1805:

259 1609 445 1680 «Primum
465 1607 584 1680 editus
603 1622 659 1679 est
676 1608 778 1679 hicce
797 1607 924 1680 libera
938 1611 1084 1680 Davisio
1099 1635 1155 1681 an.
1171 1635 1285 1706 1709,

174 1724 177 1731 ’
207 1723 455 1829 Cantabrigiae,
464 1732 560 1828 typis
575 1729 812 1819 Academicis,
828 1732 1002 1828 impensis
1015 1730 1119 1803 Edm.
1132 1729 1280 1828 Jeffery.

209 1851 353 1943 Quibus
369 1851 480 1924 codd.
501 1878 589 1928 usus
604 1855 666 1941 sit,
688 1853 867 1950 quibusve
886 1853 1057 1926 subsidiis
1076 1855 1171 1942 aliis,
1191 1859 1283 1925 taci-

208 1992 268 2049 tus
284 1991 473 2075 praetereo,
487 1975 533 2047 ab
549 1979 628 2074 ipso
646 1981 743 2053 enim
758 1979 936 2049 recensita
949 1977 1121 2075 leguntur
1139 1978 1176 2046 in
1189 2002 1285 2075 prae-

208 2097 342 2171 latione
360 2099 405 2171 ad
426 2101 580 2197 primam
592 2100 801 2171 editionem.
817 2100 1043 2171 Permultum
1062 2115 1186 2171 autem
1206 2102 1285 2173 haec

208 2224 376 2321 princeps
389 2247 411 2294 a
423 2223 687 2320 posterioribus
705 2223 847 2295 duabus
862 2223 994 2296 differt.
1009 2221 1182 2296 Modestae
1197 2240 1285 2296 sunt

208 2348 469 2434 correctiones,
488 2345 612 2417 timide
627 2345 673 2418 ab
691 2345 892 2418 editoribus
910 2346 1161 2446 superioribus
1180 2373 1283 2418 rece·

209 2467 279 2554 dit,
299 2493 346 2539 ne
363 2466 600 2542 Gebhardum
623 2468 772 2566 quidem
791 2472 1003 2545 coutemnit.
1027 2475 1070 2540 ln
1096 2469 1209 2542 rebus
1233 2471 1282 2541 le-

186 2589 377 2663 ·viusculis
398 2615 494 2663 unus
516 2591 562 2662 de
583 2592 706 2663 multis
725 2616 802 2664 esse
816 2591 972 2665 voluisse
985 2591 1155 2681 videtur,
1183 2593 1285 2666 unde

206 2709 296 2780 nihil
314 2714 353 2781 in
370 2735 411 2782 ea
427 2713 608 2808 reperitur
621 2713 890 2811 orthographiae
906 2712 1097 2801 affectatae3
1110 2715 1170 2786 hic
1180 2719 1284 2785 enim

178 2868 182 2875 ¹
208 2856 276 2908 nec
298 2833 450 2924 ecferre,
471 2858 539 2904 noc
562 2835 768 2931 conlegere,
793 2860 863 2907 nec
884 2843 1082 2922 eunomus,
1108 2860 1176 2907 nec
1197 2852 1282 2907 tem-

202 2967 330 3050 piare,
360 2978 428 3026 nec
451 2951 567 3027 simile
593 2957 794 3054 quidquam
816 2957 958 3056 legitur,
978 2957 1080 3055 quod
1101 2957 1284 3046 declaret,
1323 2967 1326 2972 ’

206 3077 311 3147 anxie
328 3099 413 3148 oum
436 3077 633 3148 verborum
657 3081 835 3177 originem
855 3080 988 3151 ducem
1013 3079 1124 3158 luisse
1146 3106 1283 3177 sequu-

206 3212 297 3269 tum.
318 3204 360 3271 In
381 3200 593 3273 nominibus
612 3203 726 3273 tertiae-
740 3201 885 3290 formae,
916 3205 1035 3275 omnis
1058 3201 1117 3276 hic
1137 3228 1281 3276 accusa·

205 3326 301 3399 tivus
323 3329 516 3403 nominum
534 3330 664 3427 plurali
679 3331 840 3427 genitivo
857 3336 933 3408 rum
951 3330 1191 3418 habentium,
1207 3335 1282 3401 exit

206 3450 245 3520 iu
264 3475 319 3538 es,
344 3453 381 3522 iu
404 3451 553 3549 reliquis
580 3468 701 3527 autem
725 3455 807 3525 in
791 3477 839 3541 ts,
862 3469 903 3526 ut
918 3452 1021 3552 apud
1040 3452 1281 3539 Lambinum,

243 3656 269 3735 (1
275 3598 385 3734 )Tusc.
400 3659 506 3738 Dispp.
518 3679 554 3717 ex
576 3661 746 3720 recensione
760 3661 841 3720 Frid.
856 3666 927 3738 Aug
939 3660 1028 3719 Wolf.
1043 3659 1165 3738 Lipsiae,
1188 3681 1283 3737 1791,

207 3761 292 3833 1807,
310 3762 395 3820 1815.
413 3765 492 3843 (Ter
509 3763 588 3821 enim
607 3784 655 3823 eas
676 3764 788 3843 edidit)

243 3864 272 3945 (1
275 3864 286 3945 )
255 3869 531 3928 nTusculanarum
539 3869 668 3949 Disputt.
679 3870 750 3929 libri
762 3871 892 3951 quinque
904 3869 1065 3930 secundum
1078 3883 1190 3929 textum
1201 3872 1282 3932 Wol-
1280 3918 1281 3922 ,

199 3973 309 4032 lienum
330 3974 437 4049 edidit,
452 3977 661 4038 commentario
680 3991 826 4060 perpetuo
845 3977 1001 4038 illustravit
1020 3983 1047 4041 J..
1067 3983 1102 4035 G.
1125 3979 1284 4043 c..1tetde.

198 4079 352 4164 lipsiae-‘et
373 4087 465 4156 lenae,
488 4086 573 4162 1798.
