2670 4816
129 435 212 498 bitare
222 454 288 497 non
301 434 534 524 possim„quin
550 435 631 500 illud
643 452 774 523 pectus,
787 433 877 500 unde
887 437 948 500 ista
961 436 1167 524 prodierunt,

129 540 215 627 aliqua
226 538 375 604 divinitas
393 543 570 629 occuparit.
587 544 696 630 Atque
711 543 775 606 hoc
790 564 900 605 meum
913 540 1072 621 judicium
1089 543 1169 607 mihi

129 646 210 733 uagis
223 644 399 727 blanditur,
413 647 540 733 quoties
555 646 665 711 animo
680 662 815 736 reputo,
832 668 930 734 quam
945 647 1104 712 immensa
1118 649 1169 728 sit,

129 773 271 838 quamque
294 751 525 815 inaestimabilis
549 752 661 816 aeterni
685 753 828 816 numinis
852 752 1051 841 benignitas,
1072 776 1170 841 quam

129 855 241 942 quidam
258 878 298 919 ex
314 855 461 944 ingenio,
479 856 608 945 opinor,
624 879 685 921 suo
710 857 805 921 nimis
833 857 867 920 in
893 875 1068 946 angustum
1091 882 1170 923 con·

129 961 235 1024 trahere
250 974 421 1024 conantur.
440 960 506 1023 Ubi
525 983 614 1025 nunc
628 975 701 1049 agat
717 961 825 1025 anima
842 961 1023 1038 Ciceronis,
1037 963 1171 1026 fortasse

130 1088 182 1128 non
196 1081 243 1129 est
257 1064 395 1128 humani
408 1063 520 1144 judicii
536 1064 768 1154 pronuntiare:
789 1087 842 1128 me
860 1083 947 1130 certe
969 1089 1034 1130 non
1058 1067 1170 1131 admo·

130 1169 193 1234 duur
212 1170 382 1235 adversum
398 1170 542 1234 habituri
560 1171 676 1234 sintin
693 1170 835 1234 ferendis
853 1172 999 1248 calculis,
1020 1173 1077 1258 qui
1098 1195 1170 1260 spe·

130 1277 287 1341 tantillum
303 1276 393 1364 apud
405 1300 540 1364 superos
553 1274 695 1365 quietam
708 1278 806 1340 vitam
818 1300 920 1365 agere.
931 1279 1020 1344 Nulli
1034 1279 1171 1343 dubium

131 1404 183 1446 esse
197 1399 320 1470 potest,
338 1382 419 1470 quin
434 1381 606 1447 crediderit
621 1382 752 1469 aliquod
766 1405 835 1446 esse
849 1405 988 1466 numen,
1008 1407 1075 1471 quo
1092 1386 1172 1450 nihil

131 1511 183 1551 esse
198 1504 305 1576 posset
317 1509 425 1574 neque
440 1487 561 1567 majus,
573 1511 679 1575 neque
691 1488 815 1552 melius.
826 1488 929 1553 Porro
939 1489 1023 1578 quid
1038 1493 1173 1556 senserit

131 1590 161 1656 de
183 1595 366 1659 animorum
385 1593 638 1675 immortalitate,
661 1592 805 1681 quidde
829 1594 954 1659 diversa
980 1612 1066 1661 sorte
1090 1620 1173 1685 prae·

131 1697 247 1786 ruiisque
261 1699 333 1763 vitae
350 1700 486 1781 futurae,
499 1715 570 1763 tum
583 1714 703 1786 quanta
717 1699 814 1763 fuerit
825 1700 956 1764 sincerae
969 1701 1173 1766 conscientiae

131 1799 244 1888 fiducia,
262 1805 289 1869 si
308 1827 374 1869 non
393 1803 467 1868 satis
485 1802 647 1867 declarant
665 1819 714 1868 tot
730 1805 798 1885 ejus
815 1805 906 1887 libri,
932 1823 1018 1871 certe
1035 1807 1085 1873 vel
1108 1831 1172 1871 una

131 1907 172 1971 illa
190 1911 317 1998 epistola
338 1909 413 1973 satis
433 1909 557 1998 arguit,
573 1932 672 1996 quam
694 1909 925 1975 ad·Octaviunr
948 1913 1073 1995 scribit,
1088 1912 1171 1995 jam,

131 2028 161 2076 ut
169 2031 307 2102 apparet,
321 2015 479 2079 destinata
492 2031 607 2079 morte.
618 2015 651 2078 Si
667 2017 683 2079 J
686 2014 785 2079 udaeis
799 2032 873 2079 ante
890 2016 1057 2104 proditum
1068 2019 1173 2081 Evan-

132 2120 231 2204 gelium
245 2119 424 2184 sufficiebat
443 2119 483 2184 ad
501 2121 636 2185 salutem
653 2119 743 2184 rudis
761 2121 908 2208 quaedam
929 2139 962 2186 et
979 2121 1114 2185 confusa
1131 2121 1173 2185 de

132 2223 210 2288 rebus
233 2224 347 2288 divinis
371 2223 560 2306 credulitas,
582 2223 662 2311 quid
683 2241 770 2289 vetat
793 2248 860 2311 quo
886 2225 995 2289 minus
1024 2225 1172 2306 ethnico,

132 2327 172 2389 tui
182 2351 219 2392 ne
233 2329 334 2394 Mosis
351 2327 483 2416 quidem
500 2330 551 2392 lex
565 2344 633 2391 erat
644 2329 905 2418 cognita,rudior
919 2330 1014 2392 etiam
1030 2330 1174 2418 cognitio

132 2435 270 2517 profuerit
282 2436 325 2499 ad
341 2435 492 2516 salutem,
514 2434 690 2522 praesertim
707 2458 811 2523 quum
832 2435 896 2498 vita
915 2436 1014 2499 fuerit
1030 2435 1173 2522 integra,

132 2559 178 2602 uec
197 2541 317 2630 integra
335 2542 458 2621 solum,
479 2562 592 2604 verum
616 2540 712 2604 etiam
739 2539 867 2605 sancta?
890 2541 1047 2630 Perpauci
1072 2539 1173 2604 Judaei

132 2660 190 2708 ante
211 2646 315 2711 lucem
338 2662 481 2710 exortam
501 2646 665 2734 Evangelii
684 2661 843 2710 noverant
865 2663 974 2710 exacte
997 2647 1116 2710 Filium
1137 2669 1174 2710 ac

132 2747 268 2836 Spiritum
293 2768 464 2816 sanctum:
489 2751 585 2814 multi
612 2774 680 2815 non
707 2751 882 2815 credebant
907 2752 1175 2832 resurrectionem

132 2875 307 2943 corporum:
326 2880 388 2921 nec
411 2873 518 2922 tamen
541 2855 615 2921 ideo
640 2856 681 2920 de
705 2856 834 2920 illorum
851 2857 958 2921 salute
971 2856 1173 2945 desperatum

133 2977 171 3024 est
191 2986 208 3026 a
231 2963 417 3044 majoribus.
446 2962 536 3046 Quid
565 2963 592 3025 si
624 2962 772 3026 ethnicus
797 2977 925 3025 tantum
955 2963 1019 3026 hoc
1050 2961 1175 3040 credat,

133 3064 236 3151 Deum,
260 3093 362 3157 quem
383 3091 572 3157 persuasum
596 3052 700 3132 habel
721 3089 789 3131 esse
817 3068 1097 3157 omnipotentem,
1124 3089 1175 3129 sa·

132 3169 349 3254 pientissimurn
375 3190 410 3258 et
437 3174 618 3262 optimum,
643 3173 749 3260 aliqua
779 3172 905 3235 ratione
937 3173 1176 3237 subventurum

132 3274 209 3342 bonis
226 3296 257 3343 et
272 3281 422 3344 ulturum
440 3280 558 3361 malos,
576 3300 648 3366 quae
670 3278 732 3365 ipsi
753 3277 901 3341 videatur
923 3300 1019 3365 quarn
1039 3277 1176 3340 maxime

132 3384 345 3449 accommoda?
364 3382 508 3466 Quodsi
525 3385 597 3471 quis
616 3384 748 3464 objiciat
760 3383 832 3446 vitae
850 3383 1006 3461 maculas,
1024 3381 1175 3469 equidem

133 3487 252 3554 arbitror
268 3513 329 3554 nec
346 3490 427 3571 Job,
449 3512 510 3552 nec
530 3488 746 3553 Melchisedec
766 3487 918 3552 omnibus
935 3488 1072 3551 omnino
1093 3488 1177 3552 vitiis

134 3596 252 3660 caruisse
265 3620 324 3685 per
341 3617 474 3660 omnem
488 3596 597 3660 vitam.
615 3593 679 3659 Sed
695 3593 914 3659 excusandum
930 3616 997 3658 non
1015 3609 1079 3675 est,
1089 3593 1178 3681 quod

134 3697 291 3767 immolavit
307 3701 413 3767 idolis.
431 3700 469 3764 Id
485 3701 621 3765 fortasse
637 3701 732 3782 fecit,
749 3700 805 3765 sed
819 3723 887 3763 non
906 3722 945 3762 ex
960 3722 1021 3763 suo
1037 3698 1179 3781 judicio,

135 3825 230 3870 rerum
256 3831 293 3872 ex
326 3805 565 3873 consuetudine
592 3806 722 3893 publica
742 3830 749 3869 ε
778 3828 850 3893 quae
875 3805 1029 3891 quoniam
1047 3792 1180 3893 legibus

137 3909 216 3974 etiarn
232 3930 297 3977 erat
311 3911 520 3992 confirmata,
538 3934 605 3974 non
623 3928 751 3999 poterat
764 3910 909 3976 convelli.
925 3911 1008 3974 Nam
1023 3932 1092 3974 esse
1105 3934 1182 3974 con·

139 4008 290 4106 ficta,quae
313 4019 354 4084 de
380 4017 443 4082 diis
470 4017 665 4098 ferebantur,
686 4018 736 4080 vel
760 4039 799 4079 cx
820 4017 917 4080 Ennii
939 4039 1025 4080 sacra
1046 4016 1181 4080 historia
