2670 4816
460 299 746 400 usurario.
959 281 961 284 ’
1079 331 1137 427 „j

64 477 225 532 veterum
246 463 508 560 exemplarium
534 479 711 562 quantum
730 464 814 536 satis
833 463 1005 561 putabam
1029 491 1137 538 accu-

63 602 137 656 rate
156 589 377 684 conquirere
392 603 427 658 et
445 592 541 659 inter
560 614 598 659 se
616 604 895 685 comparare3ut
912 612 1028 686 prope
1046 589 1138 660 nibil

63 736 159 780 nuuc
172 709 286 794 desit,
304 713 503 808 presertim
519 713 557 781 in
571 711 639 782 bac
657 712 768 801 altera
783 711 958 800 editione,
973 711 1075 810 quod
1089 713 1136 783 ad

63 833 356 904 emendationem
374 848 495 905 textus
511 837 595 904 usui
614 857 691 905 esse
713 834 888 906 videatur.
907 837 992 925 Quo
1012 837 1051 906 iu
1071 862 1136 908 ne·

61 959 158 1052 gotio
185 957 346 1054 plurium
359 961 532 1035 ‘virorum
556 959 749 1030 doctorum
776 957 895 1030 officia
917 975 954 1031 et
977 960 1137 1059 prolixas

60 1081 265 1151 voluntates
279 1095 452 1179 expertus
466 1106 558 1152 sum.
579 1082 650 1153 Sed
666 1082 711 1154 de
732 1084 841 1153 omni
855 1099 1031 1181 apparatu
1050 1082 1136 1155 sub·

60 1203 252 1291 odiorum,
271 1229 383 1301 quem
403 1208 442 1275 in
460 1204 673 1276 Tusculanis
693 1204 928 1276 recensendis
946 1207 1138 1304 usurpavi,

61 1341 93 1395 et
111 1325 158 1396 de
180 1310 386 1397 rationibus
403 1328 513 1425 ipsis,
532 1351 621 1424 quas
640 1340 817 1423 sequutus
834 1332 936 1416 sirm,
954 1343 1031 1399 tum
1051 1352 1137 1426 pro-

60 1448 157 1542 prius
177 1449 248 1519 erit
268 1448 368 1519 locus
389 1449 555 1534 dicendi,
573 1474 688 1547 quum
712 1450 837 1544 majori
858 1450 1009 1522 editioni
1028 1452 1137 1548 hujus

60 1570 138 1641 libri
153 1570 411 1670 praelaborlt),
428 1577 534 1646 Nunc
550 1574 685 1671 placuit
703 1589 842 1645 textum
859 1577 937 1672 ejus
955 1575 1053 1648 nulla
1071 1558 1135 1647 ati·

61 1699 248 1766 notatione
257 1676 552 1794 instructumpro
562 1700 758 1794 specimine
769 1713 806 1768 et
815 1699 969 1796 pignore
979 1701 1137 1798 suscepti

59 1820 179 1915 operis
200 1821 437 1916 praemittere3
460 1845 535 1917 quo
555 1819 679 1891 libello
697 1835 732 1891 et
750 1820 903 1892 studiosi
923 1822 960 1891 in
980 1822 1136 1926 lectione

64 1945 197 2037 privata
215 1925 329 2014 etalii
348 1945 386 2015 iu
405 1943 552 2041 publica
566 1944 796 2015 institutione
816 1946 869 2015 uti
889 1959 1073 2042 poterunt.
1089 1949 1138 2016 ¹Et

59 2064 127 2156 jam
146 2089 251 2136 nunc
274 2069 444 2162 utriqu'e,
468 2091 595 2164 spero,
624 2091 661 2136 se
689 2065 834 2136 anobis
853 2080 908 2137 tot
928 2066 1014 2138 locis
1036 2072 1137 2139 resti·

63 2187 205 2267 tuendis
225 2191 265 2258 in
281 2188 438 2260 lectione
454 2189 623 2260 nonnihil
643 2187 787 2282 adjutos
806 2189 978 2260 sentient.-

104 2315 174 2379 «In
199 2311 455 2383 constituenda
477 2314 655 2410 scriptura
670 2313 770 2406 (uam
790 2315 913 2410 paucis
936 2311 1136 2385 defenden-

60 2431 138 2502 dam
149 2458 230 2505 esse
245 2434 350 2526 video
360 2439 538 2506 rationem
551 2433 689 2529 meam)
698 2434 851 2533 perinde
863 2459 943 2505 sum
958 2450 1138 2518 versatus,

63 2559 160 2652 quasi
172 2564 274 2628 nunc
290 2562 449 2656 primum
459 2557 552 2630 liber
566 2556 604 2629 in
614 2558 744 2654 vulgus
756 2558 920 2629 edendus
933 2572 1037 2630 esset.
1052 2560 1134 2629 Non

63 2679 176 2776 igitur,
196 2680 286 2778 quid
304 2686 438 2778 cuique
453 2683 617 2779 priorum
636 2681 819 2752 editorum
839 2683 877 2751 in
894 2679 1059 2752 ordinem
1077 2705 1136 2751 re-

62 2805 177 2901 cipere
189 2803 379 2893 libuisset,
393 2805 456 2876 sed
472 2803 592 2902 quida
604 2829 754 2901 quoque
768 2827 812 2873 ex
826 2800 1011 2874 codicibus
1025 2827 1135 2872 manu

62 2929 201 3025 scriptis
225 2927 376 2999 ductum
400 2944 515 3016 esset,
536 2930 610 2999 sive
632 2931 670 2998 in
689 2942 808 3011 texto,
829 2930 903 2998 sive
922 2928 962 2996 in
980 2940 1134 2998 annota-

62 3050 222 3122 tionibus
242 3054 424 3148 positum,
443 3052 623 3148 inquisivi.
643 3055 770 3146 Itaque
788 3052 947 3120 excussis
964 3064 1040 3120 tum
1061 3050 1135 3147 pri·

63 3165 181 3265 mariis
207 3171 452 3261 editionibus,
470 3188 549 3243 tum
567 3172 736 3254 Victorii,
760 3170 929 3256 Manutii,
951 3168 1134 3256 Lambini,

64 3295 268 3381 Gebhardi,
287 3297 440 3383 Davisii,
456 3295 601 3366 Buberii
612 3282 627 3380 ,
640 3292 842 3365 Allemandi
861 3291 1134 3388 multorumque

63 3423 211 3493 aliorum
228 3409 363 3517 copiis,
375 3416 421 3489 ad
439 3442 529 3514 quas
546 3417 756 3514 nuperrime
777 3413 936 3511 plurium
955 3412 1133 3484 librorum

63 3571 167 3616 manu
187 3545 429 3642 scriptorum,
448 3547 492 3612 ex
506 3538 739 3612 bibliothecis
754 3539 956 3608 Germaniae
973 3551 1009 3606 et
1022 3537 1131 3606 Italiae

64 3668 313 3753 collectorum,
326 3663 538 3737 collationes
554 3677 803 3750 accesserunt,
817 3661 871 3732 his
881 3685 968 3756 ergo
979 3661 1135 3730 excussis

99 3948 106 4015 l
113 3945 138 4010 1)
152 3915 250 4013 Major
275 3947 375 3993 autem
397 3933 445 3990 illa
468 3931 574 4002 editio,
594 3950 652 4015 qua
672 3930 714 3986 uti
729 3941 791 3986 toto
808 3926 905 3983 animo
918 3924 1138 4002 exoptavimus,

64 4042 197 4115 nondum,
213 4053 360 4120 quamtum
377 4038 477 4096 saltem
494 4055 615 4095 noscere
629 4034 714 4094 nobis
732 4034 832 4103 licuit,
847 4034 878 4090 iu
891 4032 987 4090 lucem
1000 4028 1118 4108 prodiit.
