2670 4816
467 352 760 422 runcano.
1114 358 1150 453 xj

73 505 268 590 putemus,
286 489 317 557 si
335 509 464 558 eorum
479 487 588 558 lectio
607 485 830 566 obscuritate
842 510 966 573 rerum
981 490 1155 589 impedita

72 615 142 698 sit3
157 635 274 709 quum
290 611 492 708 pracsertim
511 609 639 682 talium
656 634 812 709 operum
824 612 979 685 virtutes
994 639 1069 685 non
1087 614 1153 686 ali·

72 752 132 808 ter
148 758 262 832 quam
276 733 549 832 comparatione
562 732 742 804 leviorum
763 735 889 806 sentiri
908 739 1153 836 cognoscique
1179 794 1181 799 s

74 859 229 958 possint.
250 861 378 953 Itaque
403 856 474 928 nisi
499 854 699 953 singulares
720 855 1039 954 quasdamcausas
1063 860 1153 933 olim

73 996 234 1054 versatas
251 980 425 1052 sciremus
439 980 479 1049 in
496 983 735 1077 scriptorum,
752 981 818 1077 qui
829 982 1012 1074 juventuti
1028 983 1152 1082 praele·

72 1100 265 1204 gerentur,
291 1101 438 1174 delectu
466 1100 656 1190 babend03
674 1103 882 1174 mirandum
906 1119 1016 1195 esset,
1038 1105 1152 1179 libros

72 1229 120 1301 de
141 1227 304 1315 Officiis,
321 1227 390 1298 etsi
409 1226 545 1313 multo,
570 1240 612 1297 ut
630 1225 726 1315 dixi,
749 1231 953 1300 accuratius
977 1232 1152 1329 scriptos,

71 1367 350 1455 verumtamen
377 1352 436 1421 isti
468 1350 564 1420 aetati
592 1351 713 1421 minus
743 1349 867 1440 utiles,
902 1355 940 1422 in
967 1352 1153 1452 plerisque

72 1475 209 1548 scholis
227 1472 400 1572 regnare,
413 1472 626 1545 Tusculanis
639 1474 701 1543 vix
722 1474 833 1545 unius
855 1488 892 1546 et
913 1475 1061 1549 alterius
1079 1501 1154 1548 ma·

72 1600 179 1700 gistri
192 1595 375 1670 beneficio
391 1595 514 1666 locum
534 1593 723 1666 concedi».

122 1728 170 1794 ΙΙ.
191 1727 277 1814 Quo
295 1721 441 1820 planius
456 1717 707 1816 intelligantur
722 1717 872 1815 quidam
891 1718 980 1809 loci,
994 1720 1063 1792 ubi
1077 1726 1153 1795 No·

71 1863 148 1919 ster
167 1842 377 1944 reipublicae
393 1866 552 1913 romanae
571 1856 706 1913 statum
723 1841 842 1918 obiter
856 1845 1021 1942 attingit,
1036 1847 1152 1918 scien·

73 1971 242 2041 domest
265 1992 342 2064 quo
365 1980 550 2062 tempore,
570 1988 666 2062 quos
691 1965 787 2035 inter
814 1980 983 2054 eventus,
1010 1992 1088 2065 quo
1113 1971 1152 2053 in

73 2095 158 2165 loco
201 2091 285 2162 libri
323 2089 376 2161 illi
410 2087 696 2160 Tusculanarum
739 2088 991 2179 Quaestionum
1028 2094 1153 2190 scripti

72 2214 224 2286 fuerint.

123 2341 178 2408 Ex
211 2358 287 2433 quo
315 2337 432 2406 cesar
463 2331 618 2403 dictator
649 2334 773 2402 Romae
801 2331 901 2404 solus
932 2333 1151 2432 imperabat,

75 2476 206 2534 senatu
223 2482 291 2557 per
313 2462 485 2528 timorem
502 2453 631 2526 silente
654 2452 716 2549 (ad
732 2457 839 2526 Attio.
860 2459 965 2543 ΧΙΙΙ,
990 2455 1072 2553 32),
1092 2461 1152 2532 Ci-

77 2608 160 2658 cero
176 2597 347 2680 receptus
364 2581 402 2650 in
416 2579 508 2652 villis
526 2581 620 2667 suis,
633 2553 712 2649 tum
724 2579 890 2666 Tusculi,
908 2594 987 2650 tum
996 2584 1152 2671 Asturae,

75 2725 154 2780 tum
165 2705 422 2791 Puteolorum,
433 2717 512 2775 turn
525 2702 672 2801 Arpini,
682 2700 813 2774 studiis
825 2702 1088 2801 philosophicis
1100 2721 1153 2778 to

75 2849 149 2905 tam
169 2829 281 2902 dabat
298 2849 460 2926 operam,
478 2829 557 2896 lam
576 2848 680 2922 paene
699 2826 899 2913 continuo,
918 2840 956 2897 et
976 2829 1053 2899 sine
1077 2829 1152 2901 ulla

75 2956 367 3039 intermissione,
398 2949 535 3022 librum
561 2948 712 3020 nomine
733 2953 989 3051 Hortensium,
1019 2953 1153 3025 Acade·

75 3083 188 3168 mica,
204 3076 319 3149 libros
335 3075 501 3172 quinque
517 3072 563 3144 de
572 3072 722 3143 Finibus
737 3089 1007 3170 composuerat,
1034 3101 1151 3172 quum

74 3202 293 3274 Tusculanas
311 3199 595 3296 Disputationes<
610 3193 768 3266 scribere
796 3219 984 3292 aggressus
1007 3211 1088 3268 est:
1113 3200 1151 3271 hi

75 3325 176 3412 libri,
204 3322 359 3423 incoepti
381 3319 504 3392 medio
535 3341 632 3389 anno
667 3316 755 3414 708,
781 3332 865 3389 ante
896 3318 978 3391 idus
1007 3324 1152 3395 martias
1185 3332 1189 3345 ⁷

75 3454 162 3522 anni
182 3473 275 3546 709,
297 3442 503 3516 Tusculana
522 3443 562 3512 in
588 3439 673 3511 villa
694 3438 851 3511 absoluti
872 3458 968 3513 sunt.
990 3447 1150 3520 Eventus

75 3575 172 3647 enim
191 3594 325 3645 omnes
342 3591 441 3665 quos-
456 3568 501 3637 in·
516 3564 571 3636 his
595 3566 729 3635 Noster
750 3580 945 3654 memorat,
973 3568 1048 3662 jam
1066 3586 1149 3644 a-ntc

75 3700 254 3796 posterius
284 3693 357 3764 hoc
388 3706 533 3788 tempus
565 3685 716 3787 perfecti
745 3704 880 3760 crant:
916 3704 952 3762 ct
978 3707 1078 3789 patet
1103 3720 1149 3766 ex

76 3847 150 3921 cap.
168 3835 304 3920 qrrarto
324 3809 408 3887 libri
429 3815 537 3913 primi
555 3836 618 3885 eos
636 3812 749 3885 libros
769 3840 845 3886 non
864 3830 948 3887 ante
968 3818 1149 3918 incoeptos

76 3945 200 4033 fuisse,
225 3967 339 4043 quarn
364 3937 548 4039 profectus
580 3953 634 4009 est
665 3949 798 4034 praetor
818 3944 959 4013 ¹Brutus
992 3944 1030 4013 in
1067 3947 1150 4016 Gal-

77 4070 156 4142 liam
174 4068 415 4166 Cisalpinam
430 4064 539 4163 cujusl
548 4063 744 4161 provinciae
758 4078 890 4159 praetor
905 4068 1026 4163 priore
1039 4048 1148 4158 anno,

1016 4214 1051 4257 a.
