2670 4816
129 371 153 451 4
325 368 376 436 ΙΝ
400 366 590 435 TUSCUL.
614 365 785 452 QUAEST.
808 366 1001 436 PROLEG.

128 520 141 544 a
153 510 256 575 quum
275 487 320 569 is,
334 486 391 574 qui
409 485 522 549 audire
538 486 649 567 vellet,
669 487 816 569 dixisset,
843 486 924 574 quid
942 485 1003 549 sibi
1020 484 1198 569 videretur,

128 624 141 650 ι
155 609 227 656 tum
248 615 308 681 ego
326 591 597 655 contradicerem
608 623 632 653 u.
653 591 742 674 Quid
766 593 793 654 si
810 608 919 655 autem
937 592 1005 655 illas
1022 591 1136 656 Cicero
1156 593 1198 654 li-

129 716 211 763 teras
228 720 296 762 nou
312 697 532 786 apposuerat?
547 698 667 762 Earum
681 698 898 761 sauenullum
914 712 1037 761 exstare
1053 698 1087 760 iu
1105 697 1198 760 libris

129 803 355 890 manuscriptis
369 802 541 890 vestigium
556 802 646 866 testis
662 819 711 867 est
725 803 921 866 Lambinus:
939 824 1056 888 neque,
1069 800 1198 865 dissen-

129 912 212 975 tiens
228 933 246 973 a
262 908 437 988 lambino,
451 907 598 971 Davisius
613 908 718 972 ullum
732 907 849 984 vidisse
866 930 901 971 se
913 906 1069 990 affirmat,
1085 908 1147 970 nisi
1161 909 1197 971 in

127 1015 208 1096 illis,
226 1013 345 1100 quibus
363 1013 431 1100 ipse
446 1010 543 1075 fidem
561 1035 629 1076 non
646 1014 759 1095 habet,
773 1013 968 1078 Eliensibus.
985 1013 1043 1076 Est
1058 1012 1113 1075 hio
1128 1014 1197 1076 Lu·

127 1122 211 1184 tetiae
233 1119 268 1181 in
284 1118 483 1181 Bibliotheca
505 1119 604 1206 Regia
623 1135 786 1199 vetustus,
809 1141 827 1180 a
846 1116 1015 1198 Salmasio‚
1033 1116 1067 1180 in
1081 1117 1197 1183 Prole·

122 1209 275 1315 'gomenis
295 1221 336 1286 ad
352 1223 520 1306 Solinum,
540 1223 692 1288 laudatus
708 1218 809 1288 codex
823 1224 1082 1288 Tusculanarum
1098 1225 1199 1306 Quae·

126 1331 292 1395 stionum:
314 1328 349 1391 in
369 1351 435 1415 quo
453 1351 513 1392 neo
532 1329 638 1392 literas
659 1329 705 1392 Μ.
723 1333 758 1394 Α.
779 1351 886 1416 neque
902 1328 1001 1393 ullam
1017 1327 1129 1392 videre
1146 1347 1198 1394 est

125 1452 237 1500 notam
260 1435 467 1525 loquentium
491 1456 712 1522 personarum.
731 1434 826 1499 Unde
847 1457 924 1524 ergo
947 1435 1093 1498 inlibris
1116 1453 1198 1500 sunt

124 1537 284 1628 vulgatis?
302 1537 446 1602 Omnino
464 1561 504 1600 ex
520 1561 652 1619 eorum,
667 1539 724 1626 qui
742 1539 819 1602 olim
837 1538 1030 1621 ediderunt,
1053 1539 1195 1628 diligen-

22 1661 24 1664 ’
125 1645 186 1727 tia,
204 1643 379 1708 lectoribus
403 1665 455 1706 eas
473 1659 604 1707 cavente
620 1644 788 1726 tenebras,
806 1667 878 1731 quae
895 1644 973 1707 oriri
989 1665 1029 1724 ex
1046 1644 1197 1732 ignorata

124 1772 338 1840 personarum
364 1749 544 1814 mutatione
569 1765 716 1837 possunt.
737 1748 879 1813 Proinde
902 1771 984 1839 ego,
1006 1750 1040 1812 in
1064 1758 1100 1813 re
1127 1767 1196 1816 tam

124 1856 262 1936 incerta,
282 1877 389 1941 neque
406 1855 487 1917 tanti
502 1854 617 1941 pretii,
634 1855 798 1942 integrum
815 1855 896 1918 mihi
911 1877 980 1919 esse
994 1855 1195 1940 existimavi,

123 1961 157 2025 id
172 1961 265 2024 malle
284 1960 373 2048 quod
394 1960 610 2047 opportunius
626 1959 668 2023 ad
684 1959 884 2049 intelligendi
903 1961 1089 2025 facilitatem
1100 1961 1195 2026 vide-

122 2082 222 2130 retur.
241 2064 432 2145 Gujusmodi
449 2063 516 2129 visa
539 2081 617 2128 suut
640 2065 796 2129 vocabula
818 2065 968 2149 Marcus,
994 2066 1133 2133 auditor.
1160 2068 1195 2133 Si

124 2171 196 2258 quis
213 2170 303 2236 litem
315 2186 441 2252 movet,
457 2171 518 2234 erit
532 2185 617 2235 certe
636 2169 676 2234 de
689 2170 825 2234 vocibus
841 2187 907 2237 tota
921 2202 945 2237 ν.
