2670 4816
461 363 818 433 PROLEGOMENA.

269 697 336 764 nn
359 695 725 765 oranoeoruu
750 695 1015 766 rnrsonrs

405 867 870 958 PRAEMONITIO.

130 1160 154 1258 J
162 1233 171 1253 ·
183 1193 215 1258 V.
230 1192 353 1257 &clerc
364 1193 444 1257 duas
460 1213 630 1280 personas,
646 1212 725 1279 quas
742 1191 827 1255 inter
845 1190 882 1255 fit
896 1191 1059 1283 dialogus,
1081 1218 1174 1260 com·

130 1299 236 1386 pendiis
260 1302 333 1364 Cro.
360 1315 393 1364 et
418 1301 456 1362 A.
474 1298 662 1385 designavit.
681 1297 787 1360 Ceteri
809 1314 918 1362 autem
937 1323 1068 1382 omnes,
1091 1326 1173 1389 quos

129 1403 264 1487 vidimus,
289 1404 432 1470 editores
456 1405 529 1468 loco
559 1405 629 1466 Cre.
654 1402 799 1490 praebent
821 1403 865 1466 M.
886 1420 918 1468 et
936 1405 1082 1470 Olivetus
1098 1409 1173 1472 totis

130 1508 211 1573 literis
228 1510 355 1598 scripsit
369 1509 523 1589 Msncus,
548 1508 582 1571 id
607 1523 673 1588 est,
697 1506 827 1570 Marcus
844 1509 968 1572 Tullius
985 1510 1107 1576 Cicer0.
1125 1515 1175 1576 De

129 1614 170 1678 his
182 1616 291 1704 signis,
310 1616 430 1703 quibus
447 1616 546 1696 hujus
565 1613 682 1702 dialogi
703 1636 850 1701 personae
873 1631 1046 1698 notantur,
1074 1620 1175 1683 varias

129 1719 294 1785 criticorum
315 1721 456 1784 breviter
478 1721 610 1807 exponit
635 1718 804 1806 opiniones
822 1720 967 1784 Olivetus
989 1722 1022 1784 in
1046 1745 1083 1786 ea
1100 1746 1176 1810 prae·

128 1822 230 1889 latione
242 1849 314 1914 quae
329 1826 495 1913 sequitur:

163 1931 351 2013 «Quomodo
368 1930 565 1995 inscribendi
586 1931 650 1994 sint
665 1930 700 1993 bi
713 1931 970 1994 Tusculanarum
987 1932 1061 1996 libri
1080 1934 1177 2000 docet

129 2031 282 2101 Turnebus
306 2037 341 2100 in
366 2036 587 2125 fragmentum
610 2035 650 2098 de
668 2036 766 2115 Fato,
788 2057 856 2122 cap.
880 2058 909 2098 2.
926 2035 1053 2125 Dialogi
1072 2038 1177 2103 forma

128 2139 219 2228 scripti
234 2159 311 2206 sunt
327 2143 548 2230 interrogante
560 2163 647 2221 uno,
664 2141 764 2204 altero
777 2141 1005 2229 respondente.
1018 2143 1175 2209 Personas

128 2244 330 2334 colloquentes
359 2245 530 2334 designant
555 2246 589 2308 in
620 2245 710 2309 libris
740 2244 897 2309 hactenus
926 2247 1050 2311 excusis
1076 2248 1176 2313 literae

127 2347 163 2414 ll.
184 2354 219 2417 A.
241 2353 274 2415 in
300 2352 421 2441 quibus
444 2346 525 2440 quid
550 2351 607 2432 sit,
632 2368 744 2415 utrum
769 2351 802 2413 in
830 2352 938 2438 priore
961 2352 1109 2436 Morcus,
1134 2378 1175 2419 an

128 2463 273 2544 magster,
291 2459 326 2521 in
341 2458 669 2546 posterioreAtticus‚
688 2455 881 2540 adolescens,
899 2457 1034 2534 auditor,
1053 2477 1177 2524 certant

128 2563 244 2645 curiosi3
270 2563 420 2646 modico,
439 2581 476 2628 ut
498 2563 644 2644 videtur,
672 2585 777 2650 operae
799 2563 922 2649 pretio;
944 2586 1051 2651 neque
1076 2563 1175 2630 firmis

128 2664 285 2732 admodum
304 2669 512 2756 argumentis.
530 2667 597 2750 Qui
614 2667 780 2748 Marcum,
801 2667 865 2731 hoc
882 2684 946 2750 est,
966 2669 1173 2752 Ciceronem,

129 2789 188 2834 cum
200 2774 307 2838 Attico
318 2773 427 2837 videre
440 2773 681 2859 colloquentem
693 2772 825 2853 volunt,
843 2771 866 2835 ii
878 2795 1023 2860 pugnare
1036 2793 1175 2862 possunt

128 2879 298 2943 auctoritate
316 2877 490 2958 Lactantii,
515 2877 622 2942 Divin.
644 2879 725 2940 Inst.
748 2877 803 2940 lib.
826 2878 857 2958 I,
877 2900 945 2964 cap.
962 2876 1013 2960 15,
1029 2880 1174 2969 itemque

129 2976 284 3048 Eliensium
304 2983 448 3048 duorum
471 2982 639 3064 ecdicum,
665 3006 747 3070 quos
770 2982 852 3046 vidit
876 2983 1032 3049 Davisius.
1050 2985 1173 3049 Verum

129 3082 171 3148 hic
185 3088 247 3177 ipse
265 3105 299 3154 et
316 3112 453 3153 suorum
470 3088 621 3152 codicum
644 3104 676 3152 et
697 3088 852 3152 lactantii
872 3090 1095 3153 auctoritatem
1111 3091 1174 3154 ele-

131 3211 203 3275 vans,
227 3197 369 3260 Atticum
391 3196 432 3258 ab
449 3195 499 3258 his
519 3194 652 3282 dialogis
669 3193 819 3258 excludit.
840 3195 985 3258 «Atticus
1003 3196 1109 3277 enim,
1129 3198 1174 3259 in·

132 3298 222 3382 «quit,
239 3317 311 3364 turn
330 3299 484 3388 temporis
512 3321 610 3362 senex
634 3315 719 3379 erat3
744 3300 870 3378 juvenis
896 3316 1003 3361 autem
1028 3299 1098 3379 ille,
1116 3303 1173 3387 qui

132 3423 212 3467 rcum
229 3406 383 3470 Cicerone
397 3404 585 3492 disputavit,
606 3420 643 3467 ut
661 3419 747 3491 patet
764 3427 802 3467 ex
816 3404 870 3468 lib.
885 3405 936 3485 ll,
959 3427 1026 3490 cap.
1042 3426 1089 3468 12.
1105 3406 1173 3470 Hac

133 3505 231 3594 rigitur
255 3513 361 3592 litera,
388 3510 478 3598 quod
504 3511 599 3575 etiam
625 3510 801 3573 Lambinus
822 3510 921 3590 vidit,
944 3509 1171 3574 adolescentem

134 3610 282 3680 «denotari
298 3634 381 3705 puto
394 3647 417 3680 υ.
445 3619 495 3680 lta
515 3616 671 3680 Davisius.
690 3618 763 3679 Huc
780 3617 854 3678 facit
868 3614 956 3703 quod
972 3617 1013 3695 is,
1037 3617 1170 3702 quicum

134 3709 249 3802 disputat
270 3723 402 3800 Cicer0,
428 3737 565 3784 mortem
587 3722 632 3782 ait
650 3743 718 3784 esse
743 3721 873 3783 malum.
900 3721 998 3782 Secus
1022 3721 1171 3807 Epicurei

134 3825 302 3908 sentiebant,
328 3849 412 3912 quos
437 3827 563 3889 Atticus
590 3826 794 3913 sequebatur.
826 3826 905 3903 Alii,
930 3825 1049 3911 quibus
1071 3829 1172 3915 placet
1223 3837 1238 3871 ⁸

136 3929 246 4013 auditor,
261 3933 412 4022 praesidio
426 3933 547 3996 habent
565 3934 633 4015 haec
654 3955 671 3997 e
690 3933 744 3996 lib.
765 3934 799 4012 l,
816 3955 885 4019 cap.
905 3936 942 4011 d:
960 3934 1106 3996 «Ponere
1123 3937 1173 4014 ju-

137 4029 265 4121 ·bebam,
277 4040 318 4104 de
334 4063 402 4127 quo
420 4040 492 4126 quis
511 4038 622 4103 audire
639 4026 735 4102 vellet
738 4086 792 4102 .....
806 4039 916 4104 Fiebat
935 4057 1042 4102 {uitem
1057 4040 1118 4119 ita,
1136 4055 1173 4102 ut

1023 4185 1050 4228 Ι.
