2670 4816
127 320 149 390 a
452 299 861 404 unasurnrrsronr

125 451 251 527 poterat
268 455 475 524 cognoscere.
493 435 557 499 Sed
572 435 744 522 oportebat
762 435 813 500 vel
835 437 909 500 vitoe
930 437 1055 515 iactura
1077 441 1193 528 populi

126 542 295 608 stultitiam
312 556 497 628 coarguere.
516 541 658 623 Tantum
673 541 800 604 roboris
817 562 878 606 uec
893 541 970 629 ipsis
984 542 1096 608 aderat
1107 548 1195 633 Apo·

127 648 236 730 stolis,
257 645 647 735 priusquamhauserant
663 645 819 710 caelestem
839 647 1006 735 spiritum,
1017 664 1063 712 ut
1079 649 1192 738 impu-

126 753 207 818 dens
221 752 263 816 sit
278 752 343 816 hoc
357 751 485 839 exigere
500 773 519 812 a
533 751 578 814 Μ.
590 751 709 815 Tullio.
722 744 842 814 Veru'm
851 744 921 817 ¹hac
939 751 986 816 de=
996 755 1193 820 re·liberulu

125 875 195 923 esto
217 859 317 921 suu'm
338 856 457 944 cuique
483 855 655 935 judicium.
676 855 728 920 Ad
753 856 826 921 illos
850 870 974 923 crassos
999 859 1114 942 redeo,
1134 862 1194 951 qui

66 1021 68 1025 ,
123 979 239 1055 practer
261 963 392 1026 inanem
415 961 591 1026 verborum
613 963 788 1043 tinnitum,
812 962 894 1026 nihil
920 966 1027 1053 magni
1052 966 1195 1032 credunt

122 1091 192 1133 esse
206 1069 240 1131 in
255 1067 346 1131 libris
357 1067 534 1131 Ciceronis.
546 1066 613 1150 Qui
627 1066 696 1131 fieri
710 1060 833 1155 potest,
847 1084 885 1132 ut
899 1083 948 1133 tot
962 1086 1014 1134 res
1030 1071 1195 1155 eruditas,

123 1191 191 1239 tarn
207 1171 365 1253 dilucide,
382 1188 448 1236 tam
465 1173 612 1260 copiose,
627 1188 719 1237 muto
735 1190 811 1237 cum
829 1174 948 1238 aii'ectu
965 1176 1114 1264 explicet,
1129 1175 1194 1242 nisi

123 1279 253 1368 penitus
268 1277 424 1365 intelligat
441 1277 532 1366 quod
548 1277 681 1343 scribit?
698 1278 780 1360 Quis
798 1295 905 1345 autem
923 1281 1060 1369 sumpsit
1078 1276 1195 1363 hujus·

124 1383 216 1450 modi
241 1383 342 1448 libros
363 1384 398 1446 in
419 1404 570 1460 manum,
593 1383 673 1470 quin
692 1385 865 1449 surrexerit
885 1385 994 1455 animo
1012 1386 1196 1452 sedatiore?

30 1571 36 1581 .
124 1492 207 1575 Quis
230 1507 296 1555 tam
316 1489 449 1554 accessit
471 1507 626 1572 moerens,
646 1489 787 1576 quinon
806 1491 919 1555 abierit
936 1492 1094 1557 hilarior?
1117 1495 1194 1558 Geni

123 1596 252 1661 videtur
265 1593 354 1684 quod
368 1594 463 1684 legis,
489 1615 549 1657 nec
567 1614 658 1658 secus
679 1592 765 1657 afflat
782 1596 928 1660 animum
947 1605 1041 1661 tuum
1058 1599 1193 1684 quidam

43 1719 45 1723 ’
124 1702 280 1768 orationis
292 1710 482 1779 ἐνθουσιασμὸς,
500 1699 639 1786 quamsi
656 1718 694 1761 ex
711 1699 785 1763 vivo
799 1700 904 1787 ipsius.
915 1717 1047 1788 pectore
1066 1720 1105 1766 ac
1120 1705 1194 1768 feli-

124 1807 255 1871 cissimo
278 1806 333 1869 illo
359 1826 416 1869 ore
439 1820 625 1867 manantem
649 1803 786 1868 audires.
813 1807 921 1888 Quam
949 1807 1086 1870 obrem
1112 1810 1195 1872 mihi

125 1933 209 1999 saepe
224 1908 325 1974 rideri
341 1908 436 1990 solet,
451 1911 537 1972 inter
552 1907 661 1971 omnia
679 1930 750 1995 quae
762 1909 794 1970 in
807 1930 905 1972 usum
916 1910 988 1973 vitae
1002 1912 1194 1977 mortalium

125 2014 282 2080 industria
296 2015 429 2102 reperit,
447 2013 526 2076 nihil
544 2035 613 2076 esse
629 2012 758 2097 utilius,
773 2032 872 2100 quam
889 2031 986 2078 usum
1006 2016 1194 2099 literarum,

125 2145 187 2189 nec
210 2121 309 2186 ullam
332 2137 436 2184 artem
461 2111 712 2206 praestantiorem
742 2119 872 2206 opificio
897 2123 1193 2208 typographorum.

125 2227 215 2312 Quid
240 2227 328 2291 enim
351 2224 493 2304 felicius,
509 2246 606 2310 quam
635 2242 709 2288 cum
736 2224 1008 2313 eloquentissimis
1032 2215 1131 2293 simul
1157 2254 1196 2294 ac

127 2333 332 2398 sanctissimis
349 2327 441 2413 viris,
460 2324 586 2417 quoties
602 2331 742 2395 lubitum
757 2345 821 2412 est,
838 2321 1066 2410 confabulari?
1084 2358 1196 2423 neque

127 2440 234 2504 minus
248 2437 367 2500 habere
382 2451 587 2524 perspectum
602 2435 746 2516 illorum,
759 2437 816 2525 qui
833 2451 907 2500 ante
923 2452 973 2500 tot
988 2460 1091 2501 annos
1103 2441 1196 2504 rixe-

126 2559 224 2624 runt,
239 2541 423 2631 ingenium,
446 2561 568 2621 mores,
588 2540 817 2629 cogitationes,
837 2540 960 2624 studia,
973 2543 1073 2624 facta,
1092 2562 1194 2632 quam

126 2649 153 2714 si
166 2647 274 2712 mrtltis
287 2646 381 2710 annis
397 2645 512 2734 egisses
526 2666 600 2708 cum
617 2644 677 2708 illis
690 2645 987 2712 consuetudinem?
1002 2647 1195 2735 Numquam

126 2751 207 2818 mihi
224 2751 324 2840 magis
340 2750 514 2838 probatum
532 2765 580 2812 est
604 2749 684 2813 illtid
704 2750 899 2833 Quintiliani
922 2772 930 2816 ε
955 2754 1037 2816 «Ille
1058 2754 1140 2818 sciat
1159 2778 1197 2818 se

127 2857 320 2950 proiecisse,
340 2855 394 2920 cui
413 2855 526 2919 Cicero
544 2853 636 2919 valde
657 2856 781 2945 placere
799 2856 964 2943 coeperit».
984 2858 1066 2923 Mihi
1088 2878 1196 2947 puero

127 2965 236 3030 minus
253 2960 416 3026 arridebat
432 2960 563 3040 Cicero,
580 2980 678 3046 quarn
692 2961 828 3043 Seneca;
839 2962 972 3051 jamque
989 2979 1084 3026 natus
1103 2987 1195 3030 eram

127 3068 372 3158 annosviginti,
395 3067 716 3155 priusquamferrem
733 3066 892 3132 diutinam
913 3071 982 3150 ejus
1003 3071 1196 3153 lectionem,

128 3199 232 3268 quum
257 3172 355 3240 ceteri
374 3170 466 3260 paene
485 3192 599 3237 omnes
619 3173 793 3260 placerent.
820 3177 870 3237 An
896 3175 994 3238 aetatis
1017 3187 1197 3264 progressu

127 3282 339 3373 profecerim,
362 3278 491 3360 nescio;
519 3278 605 3342 certe
630 3276 810 3364 numquam
837 3281 916 3343 mini
944 3281 1043 3368 magis
1071 3282 1197 3369 placuit

127 3390 256 3470 Cicero,
274 3403 346 3452 turn
362 3406 465 3473 quum
481 3380 662 3447 adamarent
681 3382 733 3447 illa
749 3378 874 3467 studia,
898 3408 996 3472 quam
1015 3401 1104 3450 nunc
1124 3389 1196 3475 pla·

126 3492 195 3560 cuit
207 3492 292 3574 seni,
307 3512 374 3556 non
390 3477 524 3554 tanturn
536 3489 579 3552 ob
594 3488 734 3552 divinam
757 3489 931 3577 quamdam
949 3492 1102 3554 orationis
1121 3492 1196 3557 feli·

127 3600 276 3680 citatem,
292 3618 405 3660 rerum
433 3594 529 3659 etiam
555 3596 599 3659 ob
624 3597 764 3683 pectoris
790 3596 907 3660 eruditi
932 3597 1194 3675 sanctimoniam.

126 3705 277 3771 Proiecto
294 3724 404 3769 meum
423 3698 541 3768 afflavit
556 3702 719 3784 animum,
740 3721 857 3792 meque
870 3704 948 3767 mibi
963 3703 1106 3769 reddidit
1123 3728 1196 3771 me-

126 3814 252 3879 liorem.
272 3813 385 3898 ltaque
401 3833 468 3874 non
484 3808 632 3872 dubitem
653 3808 774 3873 hortari
792 3810 1014 3891 juventutem,
1030 3826 1067 3873 ut
1081 3812 1114 3874 in
1134 3814 1196 3877 hu·

124 3921 176 3999 jus
199 3917 296 3981 libris.
314 3915 496 3981 evolvendis
520 3931 617 4003 atque
640 3917 734 3979 etiam
762 3915 940 3981 ediscendis
965 3917 1066 3981 bonas
1094 3917 1195 3983 horas

127 4023 284 4088 collocent
299 4010 423 4110 potius,
444 4043 541 4107 quam
566 4021 600 4084 in
628 4021 739 4084 rixosis
767 4045 803 4086 ac
831 4022 1033 4108 pugnacibus
1057 4022 1193 4106 libellis,
1233 4074 1234 4077 η
