2670 4816
207 360 229 403 x
526 329 660 400 novi
693 332 956 402 numnius
1043 297 1046 302 ’

207 492 266 539 res
285 464 324 537 et
345 477 558 559 argumenta
580 479 805 562 spectemus,
826 490 869 538 ea
890 467 929 536 in
949 466 1021 538 hoe
1050 468 1099 538 ita
1125 482 1210 539 sunt
1236 468 1283 540 de

208 588 334 661 medio
345 601 486 682 sumpta
499 601 536 657 et
550 589 739 659 communi
754 588 998 686 intelligentiae
1012 588 1138 678 obvia,
1150 606 1193 662 ut
1206 593 1285 690 ipsa

206 711 360 785 facilitas
376 709 505 781 alliciat
525 709 569 781 ad
590 708 808 807 legendum3
832 727 914 783 tum
937 711 1159 786 admirabilis
1189 717 1284 787 inest

206 839 311 935 copia
326 827 590 907 sententiarum
605 849 642 904 et
654 835 1078 933 praeceptorumquibus
1092 837 1284 934 ingenium

206 987 288 1034 non.
309 981 459 1058 prorsus
486 957 614 1029 servile
639 956 686 1028 ad
715 958 874 1030 excelsos
899 959 946 1031 de
973 950 1085 1032 rebus
1110 960 1285 1035 humanis

94 1135 102 1151 ,
209 1107 339 1158 sensns
365 1081 575 1154 imbuatur:
603 1082 678 1154 sive
693 1102 695 1108 ·
708 1082 825 1155 latine
850 1082 896 1154 de
926 1083 1014 1156 locis
1041 1085 1285 1184 philosophiae

216 1205 399 1280 scribendi
411 1191 661 1304 loquendique
677 1205 889 1304 magistrum
907 1231 1061 1304 quaeras,
1075 1233 1193 1305 quum
1208 1235 1286 1281 om·

213 1336 310 1405 nino-
332 1309 455 1403 nullus
480 1344 535 1402 est
564 1330 740 1401 Cicerone
767 1316 911 1418 melior,
937 1346 1017 1402 tmn
1046 1333 1105 1405 hic
1129 1336 1285 1408 maxime

213 1456 305 1529 Uber
319 1455 399 1552 ejus
415 1479 457 1526 ea
475 1454 630 1552 scriptus
644 1467 698 1525 est
710 1457 884 1527 orationis
899 1453 1016 1527 forma
1026 1511 1036 1545 ,
1047 1482 1139 1554 qna,
1155 1485 1283 1556 quam·-

210 1581 264 1652 vis
292 1579 330 1651 id
360 1578 405 1650 de
432 1576 610 1649 industria
637 1601 714 1648 non
739 1602 840 1675 agas,
871 1579 908 1649 in
932 1594 1089 1678 utraque
1112 1580 1284 1656 facultate

100 1719 109 1745 ‘
208 1726 432 1802 magnopere
457 1715 494 1772 te
514 1699 674 1797 adjuvari
698 1702 840 1773 sentias.
863 1707 913 1774 Ut
933 1707 980 1775 sit
1005 1706 1115 1801 igitur
1131 1707 1283 1807 reliquis

206 1854 252 1900 ex
278 1828 350 1898 hoc
377 1849 510 1923 genere
537 1822 663 1909 libris,
691 1827 906 1899 nominatim
936 1826 1006 1901 illis
1034 1831 1212 1928 quisunt
1238 1833 1284 1907 de

207 1949 356 2041 Finibus
370 1962 407 2020 et
419 1945 466 2017 de
479 1943 637 2035 Officiis,
652 1948 774 2020 minus
790 1950 920 2031 doctus
935 1974 977 2022 ac
991 1953 1214 2051 perpolitus3
1229 1958 1284 2028 uti

205 2088 263 2147 est
280 2096 367 2144 sane
389 2072 580 2168 (nimirum
600 2073 711 2141 unius
728 2071 786 2142 vel
807 2070 966 2144 duorum
984 2076 1168 2147 mensium
1186 2078 1287 2152 vide-

77 2262 80 2269 s
206 2214 270 2270 tur
291 2177 403 2268 foetus
421 2193 534 2289 esse):
562 2207 686 2265 tamen
711 2192 749 2265 id
777 2195 880 2266 nullo
913 2197 1024 2268 modo
1055 2196 1190 2286 obstat,
1209 2227 1285 2300 quo
1323 2233 1326 2239 ·

209 2324 330 2393 minus
351 2320 385 2390 ei
405 2317 510 2406 usui,
528 2341 639 2415 quem
659 2316 753 2405 dixi,
779 2319 819 2395 in
841 2320 970 2416 primis
992 2322 1285 2398 accommodatus

208 2443 326 2515 videri
344 2438 486 2512 debeat.
512 2444 631 2511 Immo
659 2439 746 2511 latet
768 2443 810 2510 in·
831 2440 901 2513 hac
929 2444 1008 2540 ipsa
1028 2468 1071 2514 re
1094 2444 1285 2542 quiddam,

208 2566 310 2640 unde
341 2560 465 2636 solerti
496 2564 672 2661 magistro
699 2563 797 2636 duce
826 2565 964 2637 tirones
992 2591 1086 2638 nova
1118 2569 1282 2666 quaedam

209 2688 375 2790 praesidia
396 2701 523 2785 petere
541 2702 680 2785 queant
700 2685 747 2758 ad
767 2687 1044 2785 intelligendum
1070 2707 1108 2763 et
1126 2693 1174 2765 ad
1188 2695 1285 2791 judi·

210 2812 381 2900 candum
403 2814 447 2881 In
468 2810 512 2881 iis
536 2813 651 2898 enim,
671 2835 754 2909 quae
771 2835 900 2910 parum
919 2812 1103 2887 subtiliter
1124 2816 1286 2918 disputat

212 2933 416 3010 consularia
437 2931 702 3031 philosophus,
723 2947 766 3006 ut
790 2933 836 3006 de
858 2935 1128 3010 immortalitate
1146 2940 1285 3013 animo·

212 3083 317 3147 rum,
344 3053 391 3126 de
407 3053 629 3153 agritudinis
650 3054 925 3129 definitionibus
945 3063 1229 3156 Cyrenaicorum
1249 3081 1286 3138 et

211 3183 378 3283 Epicuri,
396 3178 442 3250 de
459 3180 695 3277 Peripatetica
713 3177 928 3254 defensione
946 3185 1283 3280 perturbationum,

209 3306 408 3401 multisque
425 3302 505 3375 aliis
523 3301 632 3392 locis,
650 3301 793 3375 infinita
816 3307 977 3378 nascitur
997 3311 1147 3381 materia
1166 3313 1284 3409 philo·

210 3425 410 3527 sophandi,
427 3427 457 3497 si
473 3425 576 3521 quis,
595 3425 749 3522 eleganti
763 3428 938 3502 orationis
953 3433 1086 3504 vestitu
1105 3431 1285 3524 detractu,
1326 3468 1329 3473 ·

211 3553 375 3624 animum
393 3546 441 3620 ad
452 3548 567 3645 ipsius
580 3546 836 3645 disputationis
850 3565 887 3623 et
900 3577 1023 3625 rerum
1037 3557 1284 3652 cognitionem

210 3675 376 3748 traducat
390 3701 403 3743 :·
419 3695 493 3770 qua
512 3673 772 3746 exercitatione
789 3674 928 3747 nullam
945 3680 1032 3749 novi
1044 3677 1284 3756 efficaciorem

210 3797 412 3898 palaestram
429 3793 559 3893 εὐφυΐας.
585 3796 757 3892 Denique
777 3797 944 3872 nondum
963 3799 1090 3891 video,
1111 3829 1178 3877 cur
1198 3823 1282 3879 aeta-

211 3938 287 3994 tem
306 3921 344 3991 in
363 3918 551 3992 elementis
569 3919 767 3992 haerentem
792 3926 913 3995 statim
933 3950 954 3998 a
972 3926 1096 4000 limine
1116 3928 1161 4001 ad
1187 3933 1283 4030 opti·

210 4068 359 4129 morum
371 4043 589 4139 scriptorum
603 4045 895 4142 praestantissima
908 4073 1063 4147 quaeque
1076 4048 1282 4126 ducendam
