2670 4816
218 403 238 444 a
402 375 451 451 IN
476 372 774 442 TUSCULANAS
798 369 1094 458 QUAESTIONES

215 499 290 561 libri
313 496 353 560 de
376 496 509 558 Finibus
532 495 694 557 bonorum
723 509 755 555 et
779 493 953 573 malorum,
978 514 1054 554 ann.
1081 490 1161 553 Urb.
1195 488 1281 577 708,

216 625 326 665 rnense
340 602 465 663 circiter
480 600 599 680 sextili,
611 598 703 675 editi,
721 599 776 662 lib.
786 598 824 680 V,
842 621 974 685 eap.11.
991 599 1143 660 Ceterum
1161 596 1283 658 harum

214 709 470 772 Tusculanarum
498 706 763 793 Disputationum
794 705 916 767 mentio
947 702 984 766 fit
1010 705 1042 766 in
1071 703 1214 790 epistolis
1240 702 1284 764 ad

213 814 372 892 Atticum,
388 812 459 892 XV,
484 834 501 874 a
521 828 553 874 et
569 814 607 889 4,
629 812 755 898 scriptis
775 833 850 872 ann.
867 809 946 873 Urb.
966 832 1047 895 709,
1062 826 1095 872 et
1112 832 1217 898 quum
1240 810 1284 873 ad

214 919 420 997 AttieXlll,
444 917 501 998 32,
524 917 564 980 ab
584 918 694 979 Attico
716 917 814 1004 petit,
839 931 878 977 ut
899 915 960 976 sibi
981 914 1156 978 Dicaearchi
1180 915 1283 978 libros

212 1033 268 1102 περὶ
281 1035 367 1099 Ψυχῆς
381 1021 503 1101 mittat,
522 1021 577 1107 qui
595 1021 661 1107 apti
679 1037 786 1084 essent
803 1019 843 1083 ad
860 1018 893 1082 id
913 1019 1003 1106 quod
1020 1042 1123 1106 quum
1141 1020 1284 1082 maxime

214 1129 388 1217 cogitaret,
405 1126 493 1189 haud
511 1125 610 1191 dubie
626 1125 785 1213 significat
804 1149 837 1189 se
853 1126 886 1187 in
908 1124 1104 1189 elaborando
1124 1127 1284 1189 Tuscula·

213 1255 329 1296 narum
345 1232 610 1318 Disputationum
626 1231 710 1293 libro
720 1231 826 1318 primo
838 1248 999 1294 versatum
1016 1252 1103 1312 esse,
1120 1231 1285 1294 ubimen-

212 1339 335 1403 tionem
350 1339 481 1402 illorum
498 1338 591 1418 facit,
605 1338 661 1400 lib.
679 1339 711 1419 l,
734 1361 803 1427 cap.
823 1361 871 1402 11.
891 1337 1074 1400 Absolvisse
1087 1354 1198 1400 autem
1214 1339 1284 1402 illas

213 1460 287 1508 ante
305 1445 437 1507 Caesaris
456 1443 622 1506 interitum
639 1443 681 1530 (h.
695 1466 723 1506 e.
734 1459 808 1506 ante
819 1443 893 1507 idus
907 1460 998 1506 mart.
1012 1467 1086 1508 ann.
1105 1445 1186 1510 Urb.
1203 1446 1284 1533 709)

213 1567 339 1614 constat
357 1574 396 1613 ex
413 1550 505 1612 initio
528 1549 601 1612 libri
620 1548 660 1611 de
679 1550 775 1628 Fato,
795 1549 852 1611 ubi
873 1550 1063 1627 Tusculanae
1081 1550 1285 1637 Disputatio·

213 1679 270 1719 nes
289 1656 445 1719 citantur:
462 1677 579 1741 easque
594 1655 660 1734 jam
677 1671 748 1717 tum
764 1655 804 1716 ab
826 1655 932 1717 Attico
954 1655 1050 1717 lectas
1069 1678 1138 1717 esse
1158 1677 1284 1743 cogno·

214 1766 314 1829 scitur
339 1789 377 1828 ex
400 1765 543 1853 epistolis
565 1762 605 1826 ad
629 1767 695 1827 Att.
714 1764 785 1844 XV,
812 1780 882 1826 aet
899 1768 934 1844 4,
957 1787 1029 1850 quae
1053 1765 1178 1852 scriptae
1206 1782 1286 1830 sunt

215 1893 326 1934 mense
342 1871 476 1950 martio,
492 1893 567 1931 ann.
582 1869 662 1931 Urb.
677 1891 752 1954 709.
809 1895 812 1901 ·

258 1976 323 2064 Ipsi
352 1991 460 2038 autem
487 1973 605 2061 dialogi
637 1973 737 2035 habiti
763 1995 831 2036 esse
856 1971 1025 2062 finguntur
1053 1975 1087 2037 in
1116 1975 1285 2041 Ciceronis

214 2081 415 2157 Tusculano,
434 2097 509 2168 post
528 2078 706 2142 discessum
725 2079 816 2141 Bruti
831 2079 864 2140 in
883 2078 1035 2162 Galliam,
1053 2080 1098 2144 ita
1113 2097 1152 2145 ut
1169 2082 1285 2147 Cicero

216 2211 320 2251 unurn
337 2210 376 2250 ex
391 2184 618 2264 familiaribus,
636 2183 780 2269 quitum
798 2205 908 2246 secum
924 2181 1032 2266 erant,
1049 2208 1172 2272 ponere
1188 2186 1286 2265 jube·

120 2353 132 2372 Ι
217 2309 267 2356 ret
283 2292 323 2355 de
350 2315 417 2379 quo
442 2292 469 2354 is
494 2288 606 2352 audire
631 2288 726 2352 vellet
750 2288 807 2375 (ut
831 2290 900 2377 ipse
925 2291 969 2354 ait
997 2291 1053 2355 lib.
1080 2293 1116 2373 l,
1141 2315 1211 2380 cap.
1229 2293 1285 2380 4);

218 2397 258 2461 dc
285 2398 349 2460 hoc
381 2413 489 2459 autem
521 2395 590 2484 ipse
621 2411 678 2457 aut
710 2393 845 2476 sedens,
876 2412 932 2459 aut
966 2397 1136 2460 ambulans
1170 2397 1286 2486 dispu-

218 2518 310 2567 taret.
329 2504 442 2589 Itaque
468 2501 614 2588 quinque
639 2499 765 2563 dierum
795 2501 920 2564 scholas
947 2502 981 2565 in
1014 2501 1152 2567 totidem
1183 2504 1285 2568 libros

219 2607 376 2688 contulit,
397 2607 453 2693 qui
474 2607 571 2695 vulgo
598 2606 730 2695 quidem
756 2607 1000 2694 appellabantur
1025 2609 1286 2674 Tusculanarum

221 2715 471 2796 Quaestionnm3
498 2728 537 2774 ut
570 2729 618 2776 est
651 2713 685 2774 in
719 2713 790 2777 cod.
824 2715 902 2802 Reg.
937 2713 1070 2802 aliisque
1106 2717 1284 2782 nonnullis.

218 2821 335 2885 Veram
349 2835 458 2883 antem
475 2818 648 2882 lectionem
664 2841 732 2882 esse
747 2819 1001 2883 Tusculanarum
1019 2821 1286 2910 Disputationum

216 2928 282 3008 jam
305 2925 347 2990 P.⁴
365 2925 531 2989 Manutius
555 2923 652 3005 vidit;
680 2947 820 3012 eumque
841 2943 953 3013 postea
975 2943 1133 3015 sequutus
1152 2945 1202 2992 est
1219 2931 1285 2994 Da·

220 3030 347 3120 nisius(
370 3031 393 3118 l.
1062 3017 1064 3023 i

255 3219 294 3283 (1)
310 3220 389 3279 Hujus
401 3199 539 3282 argumenta
551 3217 607 3264 vide
620 3217 696 3277 infra,
710 3227 763 3264 not.
776 3235 797 3274 1,
810 3217 842 3264 ad
856 3234 909 3282 cap.
925 3234 935 3267 1
950 3219 1007 3266 libri
1016 3220 1098 3284 primi.

254 3309 308 3356 Nos
322 3316 414 3365 tamen,
428 3321 503 3368 quum
515 3315 575 3353 teste
587 3308 611 3354 J.
621 3307 653 3352 V.
668 3305 777 3366 Leniore,
791 3305 930 3354 testimonia
941 3323 987 3370 pro
996 3318 1098 3371 utraque
1108 3309 1225 3372 opinione
1234 3311 1286 3359 fere

220 3397 287 3459 paria
307 3396 368 3454 sint,
383 3405 407 3440 et
424 3404 541 3457 praeterea
560 3393 611 3440 haec
631 3409 668 3440 res
688 3392 804 3440 levissimi
825 3393 857 3441 sit
875 3395 1007 3453 momenti,
1030 3395 1177 3443 servavimus
1197 3398 1283 3446 inscri-

220 3485 330 3548 ptionem
351 3481 531 3546 Quaestionum,
551 3497 606 3544 quae
625 3482 650 3528 in
672 3481 794 3545 plerisque
814 3482 918 3546 vulgatis
933 3482 1083 3530 editionibus
1102 3485 1238 3545 invenitur,
1260 3497 1284 3533 et

220 3587 293 3633 quam
302 3572 354 3636 ipse
365 3571 469 3618 servavit
481 3569 593 3626 Leclerc,
608 3586 680 3632 quem
695 3561 786 3647 ubique
800 3569 858 3616 allas
871 3569 966 3633 sequuti
982 3585 1074 3618 sumus.
1084 3571 1131 3616 En.

702 3825 804 3834 Α
