2670 4816
473 352 760 423 PRAEFATIO.
1107 376 1154 422 xv

77 490 280 558 Gruterum
300 481 466 580 aliosque
486 484 525 554 in
550 490 611 556 eat.
635 487 678 554 In
694 480 1070 558 animadversionibus
1089 509 1152 558 oc·

76 620 236 680 crrrrunt
253 630 332 677 non
347 628 594 705 pauca,quae,
609 629 722 705 quare
735 609 774 676 in
787 604 936 702 reliquis
949 605 1155 695 induxerit,

75 735 139 802 vix
154 754 198 802 ac
219 755 268 801 ne
285 732 347 800 vix
364 729 515 827 quidem
532 706 719 802 interdum
740 728 931 826 intelliges.
954 732 1039 802 Duo
1062 752 1152 829 pru·

76 868 179 924 terea
197 853 237 922 in
256 849 353 923 calce
373 854 628 950 reperiuntur,
654 875 737 950 quae
758 877 780 923 a
808 849 950 924 duabus
972 858 1152 952 posterio-

59 975 182 1070 ribus
198 971 343 1045 absunt.
358 977 485 1047 Unum
507 989 581 1064 est,
599 975 757 1047 uenenis
771 979 950 1061 varians,
971 999 1089 1073 quum
1107 1002 1153 1050 ex

51 1117 54 1122 ·
76 1099 153 1170 suis
172 1094 281 1169 codd.
299 1111 337 1169 et
351 1097 437 1169 edit.
450 1102 540 1170 Ven.
557 1102 663 1199 inps,
683 1113 761 1170 tum
780 1122 824 1171 ex
845 1096 947 1169 libris
964 1097 1175 1171 Gebhardi.
1210 1136 1213 1141 -

43 1272 46 1276 -
76 1219 310 1317 aliorumque
341 1217 525 1292 collecta:
557 1202 729 1308 alterum,
756 1220 860 1318 quod
887 1220 974 1293 huic
1000 1221 1152 1293 editioni

76 1343 254 1441 singulari
271 1357 488 1415 ornamento
504 1357 578 1431 est,
594 1342 865 1416 emendationes
883 1359 970 1415 sunt
984 1343 1152 1415 Richardi

75 1467 259 1556 Bentleii,
275 1491 376 1564 quae,
401 1481 442 1538 ut
467 1491 516 1540 ex
544 1468 611 1538 viri
636 1469 770 1539 summi
789 1466 960 1565 epistola,
979 1467 1057 1538 istis
1076 1470 1154 1539 suis

75 1589 396 1663 emendationibus
412 1592 595 1689 praemissa
612 1604 780 1689 apparet,
797 1604 882 1688 post
897 1574 1060 1661 laborem
1080 1595 1152 1662 Da·

75 1712 277 1801 visianum,
302 1727 431 1810 utpote
462 1713 538 1808 jam
576 1717 674 1812 typis
710 1717 950 1814 impressum,
978 1710 1154 1785 confectas

75 1850 174 1906 sunt.
189 1835 298 1908 Unde
315 1834 375 1925 fit,
398 1851 439 1906 ut
453 1837 620 1908 Davisius
638 1836 775 1908 nullam
791 1838 831 1937 ip
852 1835 920 1907 bac
939 1828 1153 1933 praefatione

75 1956 357 2031 adnotationum
376 1959 668 2031 Bentleianarum
690 1963 915 2031 mentionem
934 1956 1051 2030 faciat.

127 2083 276 2155 «Editio
294 2082 410 2180 altera
430 2082 642 2155 inscribitur
659 2088 707 2155 M.
722 2089 761 2155 T.
778 2087 852 2155 Cic.
866 2081 1152 2154 Tusculanarum

76 2208 205 2304 Dispp.
232 2219 301 2278 etc.
327 2205 447 2278 Editio
475 2206 656 2295 secunda,
675 2209 814 2279 auctior
839 2222 875 2278 et
903 2204 1151 2277 emendatior:

76 2326 335 2424 Cantabrigiae,
365 2330 463 2429 typis
492 2328 723 2418 academicis,
754 2329 964 2430 sumptibus
990 2327 1150 2424 Cornelii

76 2450 312 2542 Crownfield,
327 2452 510 2551 etc.1723.
521 2452 730 2526 Admodum
748 2453 992 2528 memorabilis
1006 2467 1059 2524 est
1074 2451 1152 2524 baec

77 2573 217 2645 editio:
246 2598 380 2646 novam
402 2577 502 2647 enim
528 2577 565 2647 in
593 2601 636 2648 ea
655 2576 766 2649 habes
784 2581 1054 2665 recensionem,
1071 2600 1148 2647 non

76 2697 230 2784 Davisii,
259 2695 323 2768 sed
349 2698 520 2787 Bentleii,
549 2714 587 2772 et
607 2702 647 2771 in
666 2695 869 2799 ipsis‘locis
890 2698 969 2796 (qui
994 2723 1073 2768 non
1098 2699 1149 2769 ita

77 2821 182 2891 multi
199 2820 386 2917 sunt),‡in
406 2820 544 2920 quibus
573 2825 739 2896 Davisius
764 2821 813 2895 ab
845 2822 906 2895 illa
934 2822 1148 2893 recensione

76 2941 245 3032 discedit,
264 2960 526 3017 commemorat
541 2945 667 3018 saltem
681 2947 927 3019 Bentleianam
941 2944 1147 3029 lectionem,

75 3065 178 3163 quod
196 3068 236 3138 in
252 3071 357 3138 tertia
371 3092 449 3139 non
465 3067 605 3166 ubique
623 3068 759 3141 factum
772 3094 849 3142 esse
866 3067 982 3140 video.
994 3063 1148 3151 Deinde,
1179 3098 1184 3107 =

76 3188 259 3286 quidquid
279 3191 318 3261 in
344 3190 645 3291 annotationibus
670 3192 727 3264 ed.
754 3193 879 3291 primae
905 3204 968 3262 aut
985 3186 1147 3258 deletum

75 3327 146 3409 est,
173 3327 237 3385 aut
264 3311 451 3402 additum,
480 3329 544 3387 aut
568 3316 723 3388 omnino
751 3317 1005 3400 immutatum,
1025 3310 1063 3380 id
1085 3309 1146 3381 hic

76 3439 303 3532 potissimum
321 3433 537 3509 factumest.
562 3436 882 3528 Quemadmodum
895 3450 1018 3507 autem
1035 3459 1074 3506 se
1087 3458 1146 3506 res

78 3559 205 3634 habeat
228 3585 312 3633 cum
331 3559 538 3633 Bentleiana
555 3563 784 3648 recensione,
806 3561 842 3632 id
871 3584 916 3631 ex
934 3555 1147 3657 prefatione

77 3686 206 3755 Davisii
227 3682 274 3786 ad
295 3708 365 3756 sec.
380 3682 603 3780 intelligitur.
619 3685 850 3782 Propositum
866 3685 899 3753 ei
916 3679 1027 3754 fuisse
1042 3679 1144 3751 vide·

76 3822 142 3894 tur,
164 3833 280 3879 novas
298 3807 397 3894 illas,
416 3831 507 3902 quas
523 3807 710 3880 Bentleius
727 3807 909 3907 pollicitus
922 3819 1017 3891 erat,
1040 3806 1146 3875 anim-

76 3933 321 4021 adversiones,
340 3929 493 4027 reliquis
510 3931 577 4001 viri
592 3935 724 4002 summi
747 3926 1065 4003 emendationibus
1086 3924 1146 3996 ad·

76 4050 156 4127 dere
185 4069 223 4129 et
252 4070 429 4154 utrasque
453 4078 557 4126 novae
584 4052 805 4152 subjungere
833 4053 1009 4127 editioni:
1031 4073 1147 4148 quum
