2670 4816
223 397 271 440 xx
509 418 522 443 -,
549 373 683 464 NOVl
712 372 966 442 EDITORIS

162 588 169 602 .
222 523 344 578 tamen
364 521 477 576 ratam
497 507 748 576 auctoritatem
772 532 817 576 ex
846 531 921 577 uno
945 507 1097 575 maxime
1117 505 1291 572 Cicerone

221 644 345 727 petere
372 630 541 700 solemus.
573 633 847 726 Saepenumer0,
877 628 1002 717 fateor,
1029 629 1179 697 miratus
1212 649 1291 694 sum

223 753 294 824 hoc
310 754 478 840 nomine,
497 752 702 821 Ernestium
719 767 987 847 nostrum‚quo
1006 775 1114 822 nemo
1135 736 1293 845 paratior

222 873 268 946 ab
285 877 448 973 ingenio,
463 873 509 945 ab
529 873 754 958 eruditione,
774 873 819 945 ab
839 878 938 945 omni
959 879 1202 945 instrumento
1222 871 1291 939 cri-

130 1022 137 1045 ¹
221 998 295 1068 tico
316 996 361 1069 ad
383 996 568 1098 edendum
590 999 802 1068 Ciceronem
825 999 988 1084 accessit,
1014 1021 1060 1067 ne
1082 998 1121 1065 in
1146 995 1189 1064 iis
1211 997 1291 1089 qui-

122 1189 124 1194 .
221 1119 326 1206 dem,
350 1144 431 1216 quae
450 1117 495 1190 ad
520 1122 788 1216 grammaticam
812 1121 991 1191 rationem
1017 1133 1053 1189 et
1079 1117 1294 1214 elegantiam

221 1242 396 1312 orationis
418 1245 663 1338 pertinerent,
685 1256 826 1313 tantum
843 1256 1018 1339 quantum
1038 1255 1160 1339 posset
1178 1238 1293 1337 perfe-

222 1368 334 1436 cisse:
355 1365 419 1462 qui
444 1365 473 1435 si
499 1388 648 1462 operam
672 1389 822 1452 navare,
843 1367 872 1434 si
897 1364 1009 1436 modo
1035 1361 1294 1435 communibus

222 1486 355 1584 opibus
377 1501 414 1557 et
434 1485 658 1558 bibliotheca
681 1512 745 1574 sua
771 1486 887 1585 probe
908 1493 962 1558 uti
980 1487 1169 1574 voluisset,
1195 1512 1293 1557 novo

217 1611 410 1708 interpreti
425 1636 499 1681 non
514 1625 588 1681 tam
604 1635 695 1708 saepe
710 1612 747 1680 in
764 1612 895 1681 criticis
910 1611 1066 1682 dumetis
1080 1608 1290 1681 haerendum

220 1749 331 1822 esset,
353 1749 549 1831 possetque
567 1759 701 1806 vacuus
720 1734 788 1805 hac
810 1759 895 1805 cura
914 1738 1056 1805 animus
1076 1733 1154 1828 ejus
1176 1737 1215 1802 in
1230 1733 1291 1826 ju·

219 1856 394 1928 cundiore
431 1858 684 1954 explanatione
719 1882 841 1928 rerum
879 1861 1118 1955 acquiescere.
1161 1861 1289 1953 Neque

219 2005 306 2050 vero
329 1979 405 2051 haec
427 1980 572 2077 querela
588 1979 798 2051 Tusculanis
819 1983 932 2077 magis
951 2005 1058 2078 quam
1085 1980 1212 2050 ceteris
1230 2005 1291 2049 ro·

220 2104 318 2173 mani
352 2103 563 2200 philosophi
593 2105 734 2201 scriptis
763 2106 950 2192 convenit,
982 2128 1140 2201 quorum
1174 2128 1289 2172 uuum

219 2225 310 2296 illud
333 2225 378 2297 de
397 2224 534 2297 Officiis
561 2228 596 2296 si
609 2231 811 2324 exceperis,
832 2227 974 2298 nullum
995 2226 1114 2298 adhuc
1133 2227 1216 2296 satis
1237 2240 1289 2295 est

219 2346 264 2418 ad
290 2373 432 2444 severas
454 2352 540 2420 artis
564 2348 661 2448 leges
687 2352 907 2449 castigatum.
928 2353 1017 2441 Quae
1036 2374 1093 2419 res
1112 2374 1155 2418 eo
1179 2349 1289 2444 magis

113 2490 127 2567 ζ
219 2468 361 2542 videtur
376 2471 676 2570 mirabilia,quod
695 2475 733 2544 in
756 2474 856 2545 nulla
877 2490 978 2571 parte
998 2474 1215 2569 scriptorum
1235 2473 1288 2542 Ci-

218 2595 495 2665 ceronianorum
518 2611 553 2666 et
573 2595 632 2666 ille
659 2611 694 2666 et
718 2596 851 2693 reliqui
875 2595 1031 2666 editores
1055 2592 1226 2663 libentius
1249 2617 1288 2662 ac

218 2699 413 2787 studiosius
427 2741 464 2788 sc
484 2717 686 2789 elaborasse
702 2720 770 2816 ipsi
789 2717 1020 2816 profitentur.

266 2841 359 2912 «Sed
374 2841 462 2938 quid
478 2842 628 2938 posthac
641 2842 847 2914 faciendum
862 2857 990 2928 restet,
1005 2838 1151 2910 aliunde
1166 2840 1287 2935 potius

217 2988 326 3061 quam
341 2988 386 3034 ex
407 2965 468 3034 tali
489 2963 770 3062 significatione,
786 2992 867 3064 quae
889 2967 1051 3063 iniquam
1069 2965 1286 3059 interpreta-

99 3158 119 3169 „
215 3090 351 3159 tionem
361 3087 674 3188 habeat‚intelligi
690 3090 823 3160 malim.
844 3089 1023 3160 Constitui
1034 3088 1130 3157 enim
1142 3139 1150 3172 ,
1163 3086 1285 3183 proxi-

216 3214 283 3283 mis
296 3214 417 3300 annis,
434 3214 700 3284 ctTusculauas
711 3229 747 3284 et
761 3213 990 3284 Academicas
1003 3209 1285 3307 Disputationes,

216 3349 252 3404 et
279 3332 429 3405 fortasse
455 3335 626 3433 deinceps
653 3336 742 3407 alios
767 3335 945 3434 quosdam
971 3323 1132 3431 ejusdem
1167 3330 1311 3401 classis.

118 3509 120 3513 ,
212 3455 324 3528 libros
339 3459 524 3529 Ciceronis
539 3463 659 3547 omni,
682 3485 754 3557 qua
774 3473 926 3558 potero,
946 3457 1018 3528 fide
1037 3470 1072 3527 et
1091 3453 1212 3526 studio
1234 3479 1284 3523 re·
1313 3555 1320 3565 '

188 3656 190 3660 ,
216 3586 373 3652 censitos
395 3595 504 3678 atque
526 3582 723 3655 illustratos
748 3584 881 3656 edere:
903 3607 984 3680 quae
1012 3579 1189 3652 editiones
1210 3603 1284 3648 non

126 3777 129 3782 ,
216 3703 334 3774 solum
368 3698 598 3803 superiorum
632 3706 729 3779 bona
757 3709 953 3803 conjuncta
983 3702 1193 3789 habebunt,
1224 3701 1300 3811 scd·

216 3830 345 3915 etiam,
368 3827 439 3927 Ubi,
452 3829 595 3901 illarum
616 3826 728 3928 opera
747 3829 937 3918 defecerit,
960 3827 1098 3927 aliquid
1120 3828 1204 3897 novi
1227 3825 1285 3895 ad·

213 3951 424 4065 jriinenti‘et
452 3977 573 4024 rerum
601 3952 774 4024 doctrinae
796 3970 832 4043 et
854 3954 1016 4026 interiori
1037 3951 1205 4023 latinitati
1224 3974 1283 4019 co·

211 4073 426 4170 gnosccndae
447 4074 609 4149 afferent.
627 4082 703 4175 lam
727 4077 865 4150 dudum
879 4077 988 4172 hujus
1005 4077 1057 4148 rei
1072 4099 1176 4146 cansa
1189 4073 1284 4169 coepi
